@inproceedings{Lau1,
  title={Adaptive Time Series Forecasting of Energy Consumption Using Optimized Cluster Analysis},
  author={Laurinec, Peter and L{\'o}derer, Marek and Vrablecov{\'a}, Petra and Luck{\'a}, M{\'a}ria and Rozinajov{\'a}, Viera and Ezzeddine, Anna Bou},
  booktitle={Data Mining Workshops (ICDMW), 2016 IEEE 16th International Conference on},
  pages={398--405},
  year={2016},
  organization={IEEE}
}
@inproceedings{Lau2,
  title={Comparison of Representations of Time Series for Clustering Smart Meter Data},
  author={Laurinec, Peter and Luck{\'a}, M{\'a}ria},
  booktitle={Lecture Notes in Engineering and Computer Science: Proceedings of The World Congress on Engineering and Computer Science 2016},
  pages={458--463},
  month = {oct},
  year={2016}
}
@article{Laurinec2018,
author={Laurinec, Peter and Luck{\'a}, M{\'a}ria},
title={Interpretable multiple data streams clustering with clipped streams representation for the improvement of electricity consumption forecasting},
journal={Data Mining and Knowledge Discovery},
year={2018},
month={Nov},
day={16},
doi={10.1007/s10618-018-0598-2},
url={https://doi.org/10.1007/s10618-018-0598-2}
}
@article{Esl,
author = {Esling, Philippe and Agon, Carlos},
journal = {ACM Computing Surveys},
keywords = {Distance measures,data indexing,data mining,query by content,sequence matching,similarity measures,stream analysis,temporal analysis,time series},
month = {nov},
number = {1},
pages = {1--34},
publisher = {ACM},
title = {{Time-series data mining}},
volume = {45},
year = {2012}
}
@article{Agh,
author = {Aghabozorgi, Saeed and {Seyed Shirkhorshidi}, Ali and {Ying Wah}, Teh},
journal = {Information Systems},
keywords = {Clustering,Distance measure,Evaluation measure,Representations,Time-series},
pages = {16--38},
pmid = {20116780},
publisher = {Elsevier},
title = {{Time-series clustering - A decade review}},
volume = {53},
year = {2015}
}
@article{Bag,
author = {Bagnall, Anthony and Ratanamahatana, Chotirat and Keogh, Eamonn and Lonardi, Stefano and Janacek, Gareth},
journal = {Data Mining and Knowledge Discovery},
keywords = {Clipping,Kolmogorov complexity,Time series data mining},
number = {1},
pages = {11--40},
title = {{A bit level representation for time series data mining with shape based similarity}},
volume = {13},
year = {2006}
}
@article{fft,
  title={An algorithm for the machine calculation of complex Fourier series},
  author={Cooley, James W and Tukey, John W},
  journal={Mathematics of computation},
  volume={19},
  number={90},
  pages={297--301},
  year={1965},
  publisher={JSTOR}
}
@inproceedings{ratanamahatana,
  title={A novel bit level time series representation with implication of similarity search and clustering},
  author={Ratanamahatana, Chotirat and Keogh, Eamonn and Bagnall, Anthony J and Lonardi, Stefano},
  booktitle={Pacific-Asia Conference on Knowledge Discovery and Data Mining},
  pages={771--777},
  year={2005},
  organization={Springer}
}
