@Book{khovanskii_1963,
  author =	 {Alexey Nikolaevitch Khovanskii},
  title =	 {The Application of Continued Fractions and Their
                  Generalizations to Problems in Approximation Theory},
  publisher =	 {P. Noordhoff N. V.},
  year =	 1963,
  note =	 {Translated by Peter Wynn}}

