@Book{stream:Hastie+Tibshirani+Friedman:2001,
    author       = {Trevor Hastie and Robert Tibshirani and Jerome
	Friedman},
    title        = {The Elements of Statistical Learning (Data Mining,
	    Inference and Prediction)},
    publisher    = {Springer-Verlag},
    year         = 2001,
}


@inproceedings{stream:Babcock:2002,
    author = {Babcock, Brian and Babu, Shivnath and Datar, Mayur and Motwani, Rajeev and Widom, Jennifer},
    title = {Models and Issues in Data Stream Systems},
    booktitle = {Proceedings of the 21st ACM SIGMOD-SIGACT-SIGART Symposium on Principles of Database Systems},
    series = {PODS '02},
    year = {2002},
    location = {Madison, Wisconsin},
    pages = {1--16},
    publisher = {ACM},
    address = {New York, NY, USA},
}

@article{stream:Gaber:2005,
    author = {Gaber, Mohamed Medhat and Zaslavsky, Arkady and Krishnaswamy, Shonali},
    title = {Mining Data Streams: {A} Review},
    journal = {SIGMOD Rec.},
    volume = {34},
    issue = {2},
    month = {June},
    year = {2005},
    pages = {18--26},
    publisher = {ACM},
    address = {New York, NY, USA},
}

@Manual{stream:revolutionR:2010,
	title = {{REvolution R}},
	author = {Revolution Analytics},
	year = {2010},
	url = {http://www.revolutionanalytics.com/},
}

@article{stream:Hall+Frank+Holmes+Pfahringer+Reutemann+Witten:2009,
	author = {Hall, Mark and Frank, Eibe and Holmes, Geoffrey and Pfahringer, Bernhard and Reutemann, Peter and Witten, Ian H.},
	title = {The WEKA Data Mining Software: {A}n Update},
	journal = {SIGKDD Explorations},
	volume = {11},
	issue = {1},
	month = {November},
	year = {2009},
	issn = {1931-0145},
	pages = {10--18},
	publisher = {ACM},
	address = {New York, NY, USA},
}

@Manual{stream:cran:2010,
	title = {{The Comprehensive R Archive Network}},
	author = {R Foundation for Statistical Computing},
	year = {2014},
	url = {http://CRAN.R-project.org/},
}

@Manual{stream:Hahsler+Dunham:2014,
	title = {{rEMM}: Extensible Markov Model for Data Stream Clustering in {R}},
	author = {Michael Hahsler and Margaret H. Dunham},
	year = {2015},
	note = {R~package version~1.0-11.},
	url = {http://CRAN.R-project.org/},
}

@Article{stream:Hahsler+Dunham:2010b,
	title = {{rEMM}: Extensible Markov Model for Data Stream Clustering in {R}},
	author = {Michael Hahsler and Margaret H. Dunham},
	journal = {Journal of Statistical Software},
	year = {2010},
	volume = {35},
	number = {5},
	pages = {1--31},
	url = {http://www.jstatsoft.org/v35/i05/},
}

@Manual{stream:Meyer+Buchta:2010,
	title = {proxy: {D}istance and Similarity Measures},
	author = {David Meyer and Christian Buchta},
	year = {2017},
	note = {R~package version~0.4-17},
	url = {http://CRAN.R-project.org/package=proxy},
}

@Book{stream:Venables+Ripley:2002,
	title = {Modern Applied Statistics with {S}},
	author = {W. N. Venables and B. D. Ripley},
	publisher = {Springer-Verlag},
	edition = {Fourth},
	address = {New York},
	year = {2002},
	note = {ISBN 0-387-95457-0},
	url = {http://www.stats.ox.ac.uk/pub/MASS4},
}

@Manual{stream:Qiu+Joe:2009,
	title = {clusterGeneration: {R}andom Cluster Generation},
	author = {Weiliang Qiu and Harry Joe.},
	year = {2015},
	note = {R~package version~1.3.4},
	url = {http://CRAN.R-project.org/package=clusterGeneration},
}

@Unpublished{stream:Maechler+Rousseeuw+Struyf+Hubert:2005,
	title = {Cluster Analysis Basics and Extensions},
	author = {Martin Maechler and Peter Rousseeuw and Anja Struyf and Mia Hubert},
	year = {2005},
	note = {Rousseeuw et al provided the S original which has been ported to R by Kurt Hornik and has since been enhanced by Martin Maechler: speed improvements, silhouette() functionality, bug fixes, etc.  See the 'Changelog' file (in the package source)},
}


@inproceedings{stream:Hahsler+Dunham:2010c,
	author = {Michael Hahsler and Margaret H. Dunham},
	title = {Temporal Structure Learning for Clustering Massive Data Streams in Real-Time},
	booktitle = {{SIAM} Conference on Data Mining ({SDM11})},
	year = {2011},
	pages = {},
	location = {Mesa, Arizona},
	date = {April 28--30, 2011},
	publisher = {SIAM},
	editor = {},
	note = {Accepted for presentation.},
}

@inproceedings{stream:Aggarwal:2009,
	author = {Aggarwal, Charu},
	title = {A Framework for Clustering Massive-Domain Data Streams},
	booktitle = {Proceedings of the 2009 IEEE International Conference on Data Engineering},
	year = {2009},
	isbn = {978-0-7695-3545-6},
	pages = {102--113},
	numpages = {12},
	acmid = {1547351},
	publisher = {IEEE Computer Society},
	address = {Washington, DC, USA},
	keywords = {clustering, data streams, massive-domain},
}

%%clustream
@inproceedings{stream:Aggarwal+Han+Wang+Yu:2003,
	author = {Aggarwal, Charu C. and Han, Jiawei and Wang, Jianyong and Yu, Philip S.},
	title = {A Framework for Clustering Evolving Data Streams},
	booktitle = {Proceedings of the 29th international conference on Very large data bases - Volume 29},
	series = {VLDB '2003},
	year = {2003},
	isbn = {0-12-722442-4},
	location = {Berlin, Germany},
	pages = {81--92},
	numpages = {12},
	acmid = {1315460},
	publisher = {VLDB Endowment},
}

@article{stream:Bifet+Holmes+Kirkby+Pfahringer:2010,
	author = {Bifet, Albert and Holmes, Geoff and Kirkby, Richard and Pfahringer, Bernhard},
	title = {{MOA}: {M}assive Online Analysis},
	journal = {Journal of Machine Learning Research},
	volume = {99},
	month = {August},
	year = {2010},
	issn = {1532-4435},
	pages = {1601--1604},
	numpages = {4},
	acmid = {1859903},
	publisher = {MIT Press},
	address = {Cambridge, MA, USA},
}

%%denstream
@INPROCEEDINGS{stream:Cao+Ester+Qian+Zhou:2006,
    author = {Feng Cao and Martin Ester and Weining Qian and Aoying Zhou},
    title = {Density-based Clustering Over an Evolving Data Stream With Noise},
    booktitle = {In 2006 SIAM Conference on Data Mining},
    year = {2006},
    pages = {328--339}
}

@INPROCEEDINGS{stream:Dunham+Meng+Huang:2004,
	author={Dunham, M.H. and Yu Meng and Jie Huang},
	booktitle={Data Mining, 2004. ICDM '04. Fourth IEEE International Conference on},
	title={Extensible Markov model},
	year={2004},
	month=nov.,
	volume={},
	number={},
	pages={ 371 - 374},
	ISSN={},
}

@book{stream:Fowler:2003,
	author = {Fowler, Martin},
	title = {{UML} Distilled: {A} Brief Guide to the Standard Object Modeling Language},
	year = {2003},
	isbn = {0321193687},
	edition = {3},
	publisher = {Addison-Wesley Longman Publishing Co., Inc.},
	address = {Boston, MA, USA},
}

@article{stream:Guha+Meyerson+Mishra+Motwani+O'Callaghan:2003,
	author = {Guha, Sudipto and Meyerson, Adam and Mishra, Nina and Motwani, Rajeev and O'Callaghan, Liadan},
	title = {Clustering Data Streams: {T}heory and Practice},
	journal = {IEEE Transactions on Knowledge and Data Engineering},
	volume = {15},
	issue = {3},
	month = {March},
	year = {2003},
	issn = {1041-4347},
	pages = {515--528},
	numpages = {14},
	acmid = {776777},
	publisher = {IEEE Educational Activities Department},
	address = {Piscataway, NJ, USA},
	keywords = {Clustering, data streams, approximation algorithms.},
}

@Manual{stream:R:2005,
	title = {{R: A Language and Environment for Statistical Computing}},
	year = {2014},
	organization = {R Foundation for Statistical Computing},
	address = {Vienna, Austria},
	author = {{R Core Team}},
	url = {http://www.R-project.org/},
}


@article{stream:Wan+Ng+Dang+Yu+Zhang:2009,
	author = {Wan, Li and Ng, Wee Keong and Dang, Xuan Hong and Yu, Philip S. and Zhang, Kuan},
	title = {Density-based Clustering of Data Streams at Multiple Resolutions},
	journal = {ACM Transactions on Knowledge Discovery from Data},
	issue_date = {July 2009},
	volume = {3},
	issue = {3},
	month = {July},
	year = {2009},
	issn = {1556-4681},
	pages = {14:1--14:28},
	articleno = {14},
	numpages = {28},
	acmid = {1552307},
	publisher = {ACM},
	address = {New York, NY, USA},
	keywords = {Data mining algorithms, density based clustering, evolving data streams},
}

@inproceedings{stream:Aggarwal+Han+Wang+Yu:2004,
	author = {Aggarwal, Charu C. and Han, Jiawei and Wang, Jianyong and Yu, Philip S.},
	title = {On Demand Classification of Data Streams},
	booktitle = {Proceedings of the tenth ACM SIGKDD international conference on Knowledge discovery and data mining},
	year = {2004},
	pages = {503--508},
	publisher = {ACM},
}

@incollection{stream:Masud+Gao+Khan+Han+Thuraisingham:2010,
	author = {Masud, Mohammad and Gao, Jing and Khan, Latifur and Han, Jiawei and Thuraisingham, Bhavani},
	affiliation = {University of Texas at Dallas Department of Computer Science},
	title = {Classification and Novel Class Detection in Data Streams with Active Mining},
	booktitle = {Advances in Knowledge Discovery and Data Mining},
	series = {Lecture Notes in Computer Science},
	editor = {Zaki, Mohammed and Yu, Jeffrey and Ravindran, B. and Pudi, Vikram},
	publisher = {Springer-Verlag},
	pages = {311-324},
	volume = {6119},
	year = {2010}
}

@book{stream:Aggarwal:2007,
	editor = {Charu Aggarwal},
	publisher = {Springer-Verlag},
	title = {Data Streams -- Models and Algorithms},
	year = 2007,
}

@incollection{stream:Gaber:2007,
	editor = {Charu Aggarwal},
	author = {Mohamed Gaber and Arkady Zaslavsky and Shonali Krishnaswamy},
	publisher = {Springer-Verlag},
	title = {A Survey of Classification Methods in Data Streams},
	booktitle = {Data Streams -- Models and Algorithms},
	year = 2007,
}

@incollection{stream:Jin:2007,
	editor = {Charu Aggarwal},
	author = {Ruoming Jin and Gagan Agrawal},
	publisher = {Springer-Verlag},
	title = {Frequent Pattern Mining in Data Streams},
	booktitle = {Data Streams -- Models and Algorithms},
	year = 2007,
}

@book{stream:Dunham:2002,
	author = {Dunham, Margaret H.},
	title = {Data Mining: Introductory and Advanced Topics},
	year = {2002},
	isbn = {0130888923},
	publisher = {Prentice Hall PTR},
	address = {Upper Saddle River, NJ, USA},
}

@book{stream:Tan+Steinbach+Kumar:2006,
	author = {Pang-Ning Tan and Michael Steinbach and Vipin Kumar},
	publisher = {Pearson Education},
	title = {Introduction to Data Mining},
	year = 2006,
}

@inproceedings{stream:Leisch:2002,
	author = {Friedrich Leisch},
	title = {Sweave: Dynamic Generation of Statistical Reports Using Literate Data Analysis},
	booktitle = {Compstat 2002 --- Proceedings in Computational Statistics},
	pages = {575--580},
	year = 2002,
	editor = {Wolfgang H{\"a}rdle and Bernd R{\"o}nz},
	publisher = {Physica Verlag, Heidelberg},
	note = {ISBN 3-7908-1517-9},
}

%%cobweb
@article{stream:Fisher:1987,
	author = {Fisher, Douglas H.},
	title = {Knowledge Acquisition Via Incremental Conceptual Clustering},
	journal = {Machine Learning},
	volume = {2},
	issue = {2},
	month = {September},
	year = {1987},
	issn = {0885-6125},
	pages = {139--172},
	numpages = {34},
	acmid = {639990},
	publisher = {Kluwer Academic Publishers},
	address = {Hingham, MA, USA},
	keywords = {Conceptual clustering, concept formation, hill climbing, incremental learning, inference},
}

%%streamkm++
@inproceedings{stream:Ackermann+Lammersen+Maertens+Raupach:2010,
	author = {Marcel R. Ackermann AND Christiane Lammersen AND Marcus M{\"a}rtens AND Christoph Raupach AND Christian Sohler AND Kamil Swierkot},
	title = {StreamKM++: A Clustering Algorithm for Data Streams},
	year = {2010},
	booktitle = {Proceedings of the 12th Workshop on Algorithm Engineering and Experiments (ALENEX '10)},
	pages = {173--187},
	publisher = {Society for Industrial and Applied Mathematics}
}

%%clustree
@inproceedings{stream:Kranen+Assent+Baldauf+Seidl:2009,
	author = {Kranen, Philipp and Assent, Ira and Baldauf, Corinna and Seidl, Thomas},
	title = {Self-Adaptive Anytime Stream Clustering},
	booktitle = {Proceedings of the 2009 Ninth IEEE International Conference on Data Mining},
	series = {ICDM '09},
	year = {2009},
	isbn = {978-0-7695-3895-2},
	pages = {249--258},
	numpages = {10},
	acmid = {1677066},
	publisher = {IEEE Computer Society},
	address = {Washington, DC, USA},
	keywords = {stream clustering, anytime algorithms, self-adaptive algorithms},
}

@INPROCEEDINGS{stream:Masud+Chen+Khan+Aggarwal+Gao+Han+Thuraisingham:2010,
	AUTHOR = "Mohammad M. Masud and Qing Chen and Latifur Khan and Charu C. Aggarwal and Jing Gao and Jiawei Han and Bhavani M. Thuraisingham",
	TITLE = "Addressing Concept-Evolution in Concept-Drifting Data Streams",
	booktitle = "ICDM'10",
	PAGES = {929-934},
	YEAR = {2010}
}

%%clustering pkg
@Manual{stream:Hennig:2010,
	title = {fpc: {F}lexible Procedures for Clustering},
	author = {Christian Hennig},
	year = {2015},
	note = {R~package version~2.1-10},
	url = {http://CRAN.R-project.org/package=fpc},
}

@book{stream:Manning+Raghavan+Schtze:2008,
	author = {Manning, Christopher D. and Raghavan, Prabhakar and Schtze, Hinrich},
	title = {Introduction to Information Retrieval},
	year = {2008},
	isbn = {0521865719, 9780521865715},
	publisher = {Cambridge University Press},
	address = {New York, NY, USA},
}

@article{stream:Last:2002,
    author = {Last, Mark},
    title = {Online Classification of Nonstationary Data Streams},
    journal = {Intelligent Data Analysis},
    volume = {6},
    issue = {2},
    month = {April},
    year = {2002},
    issn = {1088-467X},
    pages = {129--147},
    numpages = {19},
    acmid = {1293988},
    publisher = {IOS Press},
}

@inproceedings{stream:Aggarwal:2004,
    author = {Aggarwal, Charu C. and Han, Jiawei and Wang, Jianyong and Yu, Philip S.},
    title = {On Demand Classification of Data Streams},
    booktitle = {Proceedings of the tenth ACM SIGKDD international conference on Knowledge discovery and data mining},
    series = {KDD '04},
    year = {2004},
    pages = {503--508},
    publisher = {ACM},
    address = {New York, NY, USA},
}

@inproceedings{stream:Domingos:2000,
    author = {Domingos, Pedro and Hulten, Geoff},
    title = {Mining High-speed Data Streams},
    booktitle = {Proceedings of the sixth ACM SIGKDD international conference on Knowledge discovery and data mining},
    series = {KDD '00},
    year = {2000},
    location = {Boston, Massachusetts, United States},
    pages = {71--80},
    publisher = {ACM},
    address = {New York, NY, USA},
}

@inproceedings{arules:Agrawal:1993,
    author = {R. Agrawal and T. Imielinski and A. Swami},
    title = {Mining Association Rules between Sets of Items in Large Databases},
    booktitle = {Proceedings of the ACM SIGMOD International Conference on Management
	of Data},
    year = {1993},
    pages = {207--216},
    address = {Washington D.C.},
    month = {May},
}

@PROCEEDINGS{stream:NRC:2004,
    title ={Statistical Analysis of Massive Data Streams: {P}roceedings of a Workshop},
    year={2004},
    organization = {Committee on Applied and Theoretical Statistics, National Research Council},
    editor = {Sallie Keller-McNulty},
    publisher = {National Academies Press},
    address = {Washington, DC},
}

@book{stream:Witten:2005,
    author = {Ian H. Witten and Eibe Frank},
    edition = {2nd},
    publisher = {Morgan Kaufmann Publishers},
    series = {The Morgan Kaufmann Series in Data Management Systems},
    title = {Data Mining: {P}ractical Machine Learning Tools and Techniques},
    year = 2005,
    isbn = {0-12-088407-0},
}

@Manual{stream:Urbanek:2013,
    title = {{rJava}: {L}ow-level {R} to {J}ava interface},
    author = {Simon Urbanek},
    year = {2016},
    note = {R~package version~0.9-8},
    url = {http://CRAN.R-project.org/package=rJava},
}

@Manual{stream:RIO:2011,
    title = {R Data Import/Export},
    author = {{R Foundation}},
    year = {2011},
    note = {version~2.13.1 (2011-07-08)},
    url = {http://CRAN.R-project.org/doc/manuals/R-data.html},
    isbn ={3-900051-10-0}
}

@article{stream:Jain:1999,
    author = {Jain, A. K. and Murty, M. N. and Flynn, P. J.},
    title = {Data Clustering: {A} Review},
    journal = {ACM Computer Surveys},
    volume = {31},
    number = {3},
    month = sep,
    year = {1999},
    pages = {264--323},
    publisher = {ACM}
}


@INPROCEEDINGS{stream:Ester:1996,
    author = {Martin Ester and Hans-Peter Kriegel and J\"org S and Xiaowei Xu},
    title = {A Density-based Algorithm for Discovering Clusters in Large Spatial Databases With Noise},
    booktitle = {},
    year = {1996},
    pages = {226--231},
    booktitle = {Proceedings of the tenth ACM SIGKDD International Conference on Knowledge Discovery and Data Mining},
}

@book{stream:Chambers:1992,
    author = {John M. Chambers and Trevor J. Hastie},
    title = {Statistical Models in {S}},
    publisher = {Chapman \& Hall},
    year = {1992},
    note = {ISBN 9780412830402}
}

@article{stream:Rand:1971,
    author = {W. M. Rand},
    title = {Objective Criteria for the Evaluation of Clustering Methods},
    journal = {Journal of the American Statistical Association},
    volume = {66},
    year = {1971},
    pages = {846--850},
    number = {336}
}

@article{stream:Hubert:1985,
    author = {Hubert, Lawrence and Arabie, Phipps},
    journal = {Journal of Classification},
    number = 1,
    pages = {193--218},
    title = {Comparing Partitions},
    volume = 2,
    year = 1985
}

@book{stream:Gama:2010,
    author = {Gama, Jo{\~a}o},
    title = {Knowledge Discovery from Data Streams},
    year = {2010},
    isbn = {1439826110, 9781439826119},
    edition = {1st},
    publisher = {Chapman \& Hall/CRC},
    address = {Boca Raton, FL}
}

@article{stream:Tu:2009,
 author = {Tu, Li and Chen, Yixin},
 title = {Stream Data Clustering Based on Grid Density and Attraction},
 journal = {ACM Transactions on Knowledge Discovery from Data},
 volume = {3},
 number = {3},
 month = jul,
 year = {2009},
 issn = {1556-4681},
 pages = {12:1--12:27},
 publisher = {ACM},
 address = {New York, NY, USA}
}

@Manual{stream:Leydold:2012,
    title = {rstream: {S}treams of Random Numbers},
    author = {Josef Leydold},
    year = {2015},
    note = {R~package version~1.3.4},
    url = {http://CRAN.R-project.org/package=rstream},
}

@Manual{stream:Sevcikova:2012,
    title = {rlecuyer: {R} Interface to {RNG} With Multiple Streams},
    author = {Hana Sevcikova and Tony Rossini},
    year = {2012},
    note = {R~package version~0.3-3},
    url = {http://CRAN.R-project.org/package=rlecuyer},
}

@Manual{stream:Barbera:2014,
    title = {streamR: Access to {T}witter Streaming {API} via {R}},
    author = {Pablo Barbera},
    year = {2014},
    note = {R~package version~0.2.1},
    url = {http://CRAN.R-project.org/package=streamR},
}

@Manual{stream:Gentry:2013,
    title = {twitteR: {R} Based {T}witter Client},
    author = {Jeff Gentry},
    year = {2015},
    note = {R~package version~1.1.9},
    url = {http://CRAN.R-project.org/package=twitteR},
  }

@Manual{stream:Ryan:2013,
    title = {quantmod: {Q}uantitative Financial Modelling Framework},
    author = {Jeffrey A. Ryan},
    year = {2016},
    note = {R~package version~0.4-7},
    url = {http://CRAN.R-project.org/package=quantmod},
  }

@Manual{stream:Bar:2014,
    title = {factas: {D}ata Mining Methods for Data Streams},
    author = {Romain Bar},
    year = {2014},
    note = {R~package version~2.3},
    url = {http://CRAN.R-project.org/package=factas},
  }

@Manual{stream:Charest:2012,
    title = {birch: Dealing With Very Large Datasets Using {BIRCH}},
    author = {Lysiane Charest and Justin Harrington and Matias Salibian-Barrera},
    year = {2012},
    note = {R~package version~1.2-3},
    url = {http://CRAN.R-project.org/package=birch},
  }

@Manual{stream:Rosenberg:2012,
    title = {{HadoopStreaming}: {U}tilities for Using {R} Scripts in {H}adoop Streaming},
    author = {David S. Rosenberg},
    year = {2012},
    note = {R~package version~0.2},
    url = {http://CRAN.R-project.org/package=HadoopStreaming},
  }

@Manual{stream:Kaptein:2013,
    title = {{RStorm}: {S}imulate and Develop Streaming Processing in {R}},
    author = {Maurits Kaptein},
    year = {2013},
    note = {R~package version~0.902},
    url = {http://CRAN.R-project.org/package=RStorm},
  }

@Manual{stream:Hornik:2013,
  title = {clue: {C}luster Ensembles},
  author = {Kurt Hornik},
  year = {2017},
  note = {R~package version~0.3-53.},
  url = {http://CRAN.R-project.org/package=clue},
}

@Manual{stream:Xie:2013,
  title = {animation: {A} Gallery of Animations in Statistics and Utilities to Create
Animations},
  author = {Yihui Xie},
  year = {2015},
  note = {R~package version~2.4},
  url = {http://CRAN.R-project.org/package=animation},

}

@Manual{stream:Storm:2014,
  title = {Storm: {D}istributed and Fault-tolerant Realtime Computation},
  author = {{Apache Incubator}},
  year = {2014},
  url = {http://storm.incubator.apache.org/},

}

@incollection{hahsler:Bolanos2012,
  author = {Matthew Bola{\~n}os and John Forrest and Michael Hahsler},
  title = {Clustering Large Datasets using Data Stream Clustering Techniques},
  booktitle = {Data Analysis, Machine Learning and Knowledge Discovery},
  year = {2014},
  pages = {135--143},
  editor = {Myra Spiliopoulou and Lars Schmidt-Thieme and Ruth Janning},
  series = {Studies in Classification, Data Analysis, and Knowledge Organization},
  publisher = {Springer-Verlag},
}



@article{stream:Silva:2013,
    author = {Silva, Jonathan A. and Faria, Elaine R. and Barros, Rodrigo C. and Hruschka, Eduardo R. and Carvalho, Andre and Gama, Joao},
    title = {Data Stream Clustering: A Survey},
    journal = {ACM Computer Surveys},
    issue_date = {October 2013},
    volume = {46},
    number = {1},
    month = jul,
    year = {2013},
    issn = {0360-0300},
    pages = {13:1--13:31},
    articleno = {13},
    numpages = {31},
    doi = {10.1145/2522968.2522981},
    acmid = {2522981},
    publisher = {ACM},
    address = {New York, NY, USA},
}

@inproceedings{stream:Kremer:2011,
    author = {Kremer, Hardy and Kranen, Philipp and Jansen, Timm and Seidl, Thomas and Bifet, Albert and Holmes, Geoff and Pfahringer, Bernhard},
    title = {An Effective Evaluation Measure for Clustering on Evolving Data Streams},
    booktitle = {Proceedings of the 17th ACM SIGKDD International Conference on Knowledge Discovery and Data Mining},
    series = {KDD '11},
    year = {2011},
    isbn = {978-1-4503-0813-7},
    location = {San Diego, California, USA},
    pages = {868--876},
    doi = {10.1145/2020408.2020555},
    publisher = {ACM},
    address = {New York, NY, USA},
}


@Manual{stream:Leisch:2010,
      title = {mlbench: {M}achine Learning Benchmark Problems},
        author = {Friedrich Leisch and Evgenia Dimitriadou},
	  year = {2012},
	    note = {{R} package version~2.1-1},
	url = {http://CRAN.R-project.org/package=mlbench},
}


@article{stream:Rand:1971,
    author = {W. M. Rand},
    title = {Objective criteria for the evaluation of clustering methods},
    journal = {Journal of the American Statistical Association},
    volume = {66},
    year = {1971},
    pages = {846--850},
    number = {336}
}





@BOOK{stream_clust:Aggrawal:2007,
  title = {Data Streams: Models and Algorithms},
  year = {2007},
  publisher = {Springer-Verlag},
  editor = {Aggarwal, Charu},
  series = {Advances in Database Systems}
}

@INPROCEEDINGS{stream_clust:Aggarwal:2009,
  author = {Aggarwal, Charu},
  title = {A Framework for Clustering Massive-Domain Data Streams},
  booktitle = {IEEE 25th International Conference on Data Engineering (ICDE '09)},
  year = {2009},
  pages = {102--113},
  month = {March 29 2009-April 2},
  owner = {hahsler},
  timestamp = {2009.04.29}
}

@INPROCEEDINGS{stream_clust:Aggarwal:2008,
  author = {Aggarwal, C.C. and Yu, P.S.},
  title = {A Framework for Clustering Uncertain Data Streams},
  booktitle = {IEEE 24th International Conference on Data Engineering (ICDE 2008)},
  year = {2008},
  pages = {150--159},
  owner = {hahsler},
  timestamp = {2009.04.29}
}

@INPROCEEDINGS{stream_clust:Aggarwal:2004,
  author = {Aggarwal, Charu C. and Han, Jiawei and Wang, Jianyong and Yu, Philip
	S.},
  title = {A Framework for Projected Clustering of High Dimensional Data Streams},
  booktitle = {Proceedings of the International Conference on Very Large
	Data Bases (VLDB '04)},
  year = {2004},
  pages = {852--863},
  isbn = {0-12-088469-0},
  location = {Toronto, Canada}
}

@ARTICLE{Fisher95iterativeoptimization,
    author = {Doug Fisher},
    title = {Iterative Optimization and Simplification of Hierarchical Clusterings},
    journal = {Journal of Artificial Intelligence Research},
    year = {1995},
    volume = {4},
    pages = {118--123}
}

@INPROCEEDINGS{stream_clust:Aggarwal:2003,
  author = {Charu C. Aggarwal and Jiawei Han and Jianyong Wang and Philip S.
	Yu},
  title = {A Framework for Clustering Evolving Data Streams},
  booktitle = {Proceedings of the International Conference on Very Large Data Bases
	(VLDB '03)},
  year = {2003},
  pages = {81--92}
}

@INPROCEEDINGS{stream_clust:Ankerst:1999,
  author = {Michael Ankerst and Markus M. Breunig and Hans-Peter Kriegel and
	J\"org Sander},
  title = {{OPTICS}: {O}rdering Points To Identify the Clustering Structure},
  booktitle = {Proceedings of the 1999 ACM SIGMOD International Conference on Management
	of Data},
  year = {1999},
  pages = {49--60},
  owner = {hahsler},
  timestamp = {2009.04.29}
}

@ARTICLE{stream_clust:Barbara:2002,
  author = {Daniel Barbar{\'a}},
  title = {Requirements for Clustering Data Streams},
  journal = {SIGKDD Explorations},
  year = {2002},
  volume = {3},
  pages = {23--27},
  number = {2}
}

@INPROCEEDINGS{stream_clust:Cao:2006,
  author = {Feng Cao and Martin Ester and Weining Qian and Aoying Zhou},
  title = {Density-Based Clustering over an Evolving Data Stream with Noise},
  booktitle = {Proceedings of the 2006 SIAM International Conference on Data Mining},
  year = {2006},
  pages = {328--339},
  publisher = {SIAM},
  owner = {hahsler},
}

@ARTICLE{stream_clust:Guha:2003,
  author = {Guha, S. and Meyerson, A. and Mishra, N. and Motwani, R. and O'Callaghan,
	L.},
  title = {Clustering data Streams: {T}heory and Practice},
  journal = {IEEE Transactions on Knowledge and Data Engineering},
  year = {2003},
  volume = {15},
  pages = {515--528},
  number = {3},
  abstract = {The data stream model has recently attracted attention for its applicability
	to numerous types of data, including telephone records, Web documents,
	and clickstreams. For analysis of such data, the ability to process
	the data in a single pass, or a small number of passes, while using
	little memory, is crucial. We describe such a streaming algorithm
	that effectively clusters large data streams. We also provide empirical
	evidence of the algorithm's performance on synthetic and real data
	streams.},
  booktitle = {Knowledge and Data Engineering, IEEE Transactions on},
  citeulike-article-id = {1786238},
  posted-at = {2007-10-19 00:44:46},
  priority = {3}
}

@INPROCEEDINGS{stream_clust:Guha:2000,
  author = {Guha, S. and Mishra, N. and Motwani, R. and O'Callaghan, L.},
  title = {Clustering Data Streams},
  booktitle = {Proceedings of the ACM Symposium on Foundations of Computer Science},
  year = {2000},
  pages = {359--366},
  month = {12-14 Nov.},
  owner = {hahsler},
  timestamp = {2009.04.29}
}

@TECHREPORT{stream_clust:Henzinger:1998,
  author = {Henzinger, M. and P. Raghavan and S. Rajagopalan.},
  title = {Computing on Data Stream},
  institution = {Digital Systems Research Center, Palo Alto},
  year = {1998},
  type = {Technical Note},
  number = {1998-011},
  month = {May},
  owner = {hahsler},
  timestamp = {2009.05.05}
}

@INPROCEEDINGS{stream_clust:Hinneburg:2007,
  author = {Alexander Hinneburg and Hans-Henning Gabriel},
  title = {{DENCLUE} 2.0: {F}ast Clustering Based on Kernel Density Estimation},
  booktitle = {Advances in Intelligent Data Analysis VII},
  year = {2007},
  volume = {4723},
  series = {Lecture Notes in Computer Science},
  pages = {70--80},
  publisher = {Springer-Verlag},
  owner = {hahsler},
  timestamp = {2009.04.29}
}

@INPROCEEDINGS{stream_clust:Kriegel:2003,
  author = {Hans-Peter Kriegel and Peer Kr\"oger and Irina Gotlibovich},
  title = {Incremental {OPTICS}: {E}fficient Computation of Updates in a Hierarchical Cluster Ordering},
  booktitle = {Data Warehousing and Knowledge Discovery},
  year = {2003},
  volume = {2737},
  series = {Lecture Notes in Computer Science},
  pages = {224--233},
  publisher = {Springer-Verlag},
  chapter = {Incremental OPTICS: Efficient Computation of Updates in a Hierarchical
	Cluster Ordering},
  owner = {hahsler},
  timestamp = {2009.04.29}
}

@INPROCEEDINGS{stream_clust:O'Callaghan:2002,
  author = {L. O'Callaghan and N. Mishra and A. Meyerson and S. Guha and R. Motwani},
  title = {Streaming-data Algorithms for High-quality Clustering},
  booktitle = {Proceedings of the 18th International Conference on Data Engineering
	(ICDE'02)},
  year = {2002},
  pages = {685--},
  month = {Mar},
  publisher = {IEEE Computer Society},
  text = {Proceedings of IEEE International Conference on Data Engineering,
	March 2002.}
}

@ARTICLE{stream_clust:Sander:1998,
  author = {Sander, J. and M. Ester and H.-P. Kriegel and X. Xu},
  title = {Density-based Clustering in Spatial Databases: The Algorithm {GDBSCAN} and its Applications},
  journal = {Data Minining and Knowledge Discovery},
  year = {1998},
  volume = {2},
  pages = {169--194},
  number = {2},
  owner = {hahsler},
  timestamp = {2009.04.29}
}

@INPROCEEDINGS{stream_clust:Spiliopoulou:2006,
  author = {Myra Spiliopoulou and Iren Ntoutsi and Yannis Theodoridis and Rene
	Schult},
  title = {{MONIC:} {M}odeling and monitoring cluster transitions},
  booktitle = {Proceedings of the 12th ACM SIGKDD International Conference on Knowledge
	Discovery and Data Mining (KDD'06)},
  year = {2006},
  pages = {706--711},
  owner = {hahsler},
  timestamp = {2009.09.09}
}

@ARTICLE{stream_clust:Stonebraker:2005,
  author = {Michael Stonebraker and Ugur Cetinternel and Stan Zdonik},
  title = {The 8 requirements of real-time stream processing},
  journal = {SIGMOD Record},
  year = {2005},
  volume = {34},
  pages = {42--47},
  number = {4},
  month = {December},
  owner = {hahsler},
  timestamp = {2009.09.09}
}

@INPROCEEDINGS{stream_clust:Tasoulis:2006,
  author = {Tasoulis, D.K. and Adams, N.M. and Hand, D.J.},
  title = {Unsupervised Clustering in Streaming Data},
  booktitle = {IEEE International Workshop on Mining Evolving and Streaming Data.
	Sixth IEEE International Conference on Data Mining (ICDM 2006)},
  year = {2006},
  pages = {638--642},
  month = {Dec. },
  owner = {hahsler},
  timestamp = {2009.04.29}
}

@INPROCEEDINGS{stream_clust:Tasoulis:2007,
  author = {Dimitris K. Tasoulis and Gordon Ross and Niall M. Adams},
  title = {Visualising the Cluster Structure of Data Streams},
  booktitle = {Advances in Intelligent Data Analysis VII},
  year = {2007},
  series = {Lecture Notes in Computer Science},
  pages = {81--92},
  publisher = {Springer-Verlag},
  abstract = {OpticsStream},
  owner = {hahsler},
  timestamp = {2009.04.29}
}

@ARTICLE{stream_clust:Tu:2009,
  author = {Tu, Li and Chen, Yixin},
  title = {Stream data clustering based on grid density and attraction},
  journal = {ACM Transactions on Knowledge Discovery from Data},
  year = {2009},
  volume = {3},
  pages = {1--27},
  number = {3},
  issn = {1556-4681},
  publisher = {ACM}
}

@ARTICLE{stream_clust:Tucker:2003,
  author = {P.A. Tucker and D. Maier and T. Sheard and L. Fegaras},
  title = {Exploiting Punctuation Semantics in Continuous Data Streams},
  journal = {IEEE Transactions on Knowledge and Data Engineering},
  year = {2003},
  volume = {15},
  pages = {555--568},
  number = {3},
  month = {May-June},
  owner = {hahsler},
  timestamp = {2009.09.09}
}

@INCOLLECTION{stream_clust:Udommanetanakit:2007,
  author = {Udommanetanakit, Komkrit and Rakthanmanon, Thanawin and Waiyamai,
	Kitsana},
  title = {E-Stream: Evolution-Based Technique for Stream Clustering},
  booktitle = {ADMA '07: Proceedings of the 3rd international conference on Advanced
	Data Mining and Applications},
  publisher = {Springer-Verlag},
  year = {2007},
  pages = {605--615},
  address = {Berlin, Heidelberg},
  isbn = {978-3-540-73870-1},
  location = {Harbin, China}
}

@ARTICLE{stream_clust:Wan:2009,
  author = {Wan, Li and Ng, Wee Keong and Dang, Xuan Hong and Yu, Philip S. and
	Zhang, Kuan},
  title = {Density-based clustering of data streams at multiple resolutions},
  journal = {ACM Transactions on Knowledge Discovery from Data},
  year = {2009},
  volume = {3},
  pages = {1--28},
  number = {3},
  issn = {1556-4681},
  publisher = {ACM}
}

@ARTICLE{stream_clust:Kranen:2011,
   AUTHOR  = {Kranen, Philipp and Assent,  Ira and Baldauf, Corinna and Seidl, Thomas},
   TITLE   = {The {C}lus{T}ree: {I}ndexing Micro-clusters for Anytime Stream Mining},
   YEAR    = {2011},
   JOURNAL = {Knowledge and Information Systems},
   VOLUME  = {29},
   NUMBER  = {2},
   PAGES   = {249-272}
}


@INPROCEEDINGS{Ester96adensity-based,
    author = {Martin Ester and Hans-Peter Kriegel and J\"org Sander and Xiaowei Xu},
    title = {A Density-based Algorithm for Discovering Clusters in Large Spatial Databases With Noise},
    booktitle = {Proceedings of the ACM SIGKDD International Conference on Knowledge
	        Discovery and Data Mining (KDD'1996)},
    year = {1996},
    pages = {226--231},
}

@article{hahsler:Hahsler:2010,
   author = {Michael Hahsler and Margaret H. Dunham},
   title = {rEMM: Extensible {M}arkov Model for Data Stream
        Clustering in {R}},
   journal = {Journal of Statistical Software},
   year = {2010},
   volume = {35},
   number = {5},
   pages = {1--31},
   url = {http://www.jstatsoft.org/v35/i05/},
}

@INPROCEEDINGS{stream_clust:Zhang:1996,
  author = {Zhang, Tian and Ramakrishnan, Raghu and Livny, Miron },
  title = {{BIRCH}: {A}n Efficient Data Clustering Method for Very Large Databases},
  booktitle = {Proceedings of the 1996 ACM SIGMOD International Conference on Management
	of Data},
  year = {1996},
  pages = {103--114},
  publisher = {ACM},
  abstract = {Finding useful patterns in large datasets has attracted considerable
	interest recently, and one of the most widely studied problems in
	this area is the identification of clusters, or densely populated
	regions, in a multi-dimensional dataset. Prior work does not, adequately
	address the problem of large datasets and mininization of I/O costs.
	This paper presents a data clustering method named BIRCH (Balanced
	Iterative Reducing and Clustering using Hierarchies), and demonstrates
	that it is...},
  citeulike-article-id = {2350050},
  posted-at = {2008-02-07 18:34:10},
  priority = {0}
}

@Article{Dietterich:1998:288808,
 author = {Dietterich, Thomas G.},
 journal = {Machine Learning},
 year = {1998},
 issn = {0885-6125},
 volume = {30},
 number = {2-3},
 issue_date = {Feb./ March, 1998},
 issue_doescription = {Special issue on applications of machine learning and the knowledge discovery process},
 publisher = {Kluwer Academic Publishers},
 address = {Hingham, MA, USA},
}

@article{clust:Jain:1999,
    author = {Jain, A. K. and Murty, M. N. and Flynn, P. J.},
    issn = {0360-0300},
    journal = {ACM Computing Surveys},
    month = sep,
    number = {3},
    pages = {264--323},
    publisher = {ACM},
    title = {Data Clustering: {A} Review},
    volume = {31},
    year = {1999}
}

@book{clust:Jain:1988,
 author = {Jain, Anil K. and Dubes, Richard C.},
 title = {Algorithms for Clustering Data},
 year = {1988},
 isbn = {0-13-022278-X},
 publisher = {Prentice-Hall, Inc.},
 address = {Upper Saddle River, NJ, USA},
}


@article{kruskal1952,
    author = {Kruskal, William H. and Wallis, W. Allen},
    doi = {10.2307/2280779},
    issn = {01621459},
    journal = {Journal of the American Statistical Association},
    number = {260},
    pages = {583--621},
    publisher = {American Statistical Association},
    title = {Use of Ranks in One-Criterion Variance Analysis},
    volume = {47},
    year = {1952}
}


@inproceedings{stream:Zhao:2009,
    author = {Zhao, Weizhong and Ma, Huifang and He, Qing},
    title = {Parallel k-Means Clustering Based on {M}ap{R}educe},
    booktitle = {Proceedings of the 1st International Conference on Cloud Computing},
    series = {CloudCom '09},
    year = {2009},
    isbn = {978-3-642-10664-4},
    location = {Beijing, China},
    pages = {674--679},
    numpages = {6},
    doi = {10.1007/978-3-642-10665-1_71},
    acmid = {1695733},
    publisher = {Springer-Verlag},
    address = {Berlin, Heidelberg},
}

@book{Kaufman:1990,
    address = {New York},
    author = {Kaufman, L. and Rousseeuw, P. J.},
    publisher = {John Wiley \& Sons},
    title = {Finding Groups in Data: {A}n Introduction to Cluster Analysis},
    year = 1990
}

@article{Vitter:1985,
    author = {Vitter, Jeffrey S.},
    title = {Random Sampling With a Reservoir},
    journal = {ACM Transactions on Mathematical Software},
    issue_date = {March 1985},
    volume = {11},
    number = {1},
    month = mar,
    year = {1985},
    issn = {0098-3500},
    pages = {37--57},
    numpages = {21},
    doi = {10.1145/3147.3165},
    acmid = {3165},
    publisher = {ACM},
    address = {New York, NY, USA},
}


@Techreport{Bentley:1975,
  title={A Survey of Techniques for Fixed Radius Near Neighbor Searching},
  author={Bentley, Jon Louis},
  series={Technical Report SLAC-186 and STAN-CS-75-513, Stanford Linear Accelerator Center},
  year={1975},
}


@inproceedings{TRACDS:2011,
    author = {Michael Hahsler and Margaret H. Dunham},
    title = {Temporal Structure Learning for Clustering Massive Data Streams
	in Real-Time},
    booktitle = {{SIAM} Conference on Data Mining ({SDM11})},
    year = {2011},
    month = {April},
    pages = {664--675},
    location = {Mesa, Arizona},
    date = {April 28--30, 2011},
    publisher = {SIAM},
    editor = {},
}

@INCOLLECTION{Eskin:2002,
    author = {Eleazar Eskin and Andrew Arnold and Michael Prerau and Leonid Portnoy
	and Salvatore Stolfo},
    title = {A Geometric Framework for Unsupervised Anomaly Detection: {D}etecting Intrusions in Unlabeled Data},
    booktitle = {Data Mining for Security Applications},
    publisher = {Kluwer},
    year = {2002},
    owner = {hahsler},
    timestamp = {2010.01.07}
}

@article{Bentley:1975b,
    author = {Bentley, Jon Louis},
    title = {Multidimensional Binary Search Trees Used for Associative Searching},
    journal = {Communications of the ACM},
    volume = {18},
    number = {9},
    month = sep,
    year = {1975},
    pages = {509--517},
}

@book{Conway:1987,
     author = {Conway, J. H. and Sloane, N. J. A. and Bannai, E.},
      title = {Sphere-packings, Lattices, and Groups},
       year = {1987},
        isbn = {0-387-96617-X},
	 publisher = {Springer-Verlag},
	  address = {New York, NY, USA},
}

@article{stream:Zhang:1996,
    author = {Zhang, Tian and Ramakrishnan, Raghu and Livny, Miron},
    title = {{BIRCH}: {A}n Efficient Data Clustering Method for Very Large Databases},
    journal = {SIGMOD Rec.},
    issue_date = {June 1996},
    volume = {25},
    number = {2},
    month = jun,
    year = {1996},
    issn = {0163-5808},
    pages = {103--114},
    numpages = {12},
    doi = {10.1145/235968.233324},
    publisher = {ACM},
    address = {New York, NY, USA},
}

@article{stream:Vijayarani:2012,
    author = {S. Vijayarani and P. Sathya},
    title = {A Survey on Frequent Pattern Mining Over Data Streams},
    journal = {International Journal of Computer Science and Information Technology \& Security},
    volume = {2},
    number = {5},
    month = oct,
    year = {2012},
    issn = {2249-9555},
    pages = {1046-1050},
    publisher = {IRACST Press},
}

@article{stream:Cheng:2008,
    author = {Cheng, James and Ke, Yiping and Ng, Wilfred},
    doi = {10.1007/s10115-007-0092-4},
    journal = {Knowledge and Information Systems},
    month = jul,
    number = {1},
    pages = {1--27},
    title = {A Survey on Algorithms for Mining Frequent Itemsets Over Data Streams},
    volume = {16},
    year = {2008}
}

@article{stream:McLeod:1983,
    author = {McLeod, A.I. and Bellhouse,D.R.},
    journal = {Applied Statistics},
    volume = {32},
    number = {2},
    pages = {182--184},
    title = {A Convenient Algorithm for Drawing a Simple Random Sample},
    year = {1983}
}

@inproceedings{stream:Aggarwal:2006,
    author = {Aggarwal, Charu C.},
    title = {On Biased Reservoir Sampling in the Presence of Stream Evolution},
    booktitle = {Proceedings of the 32nd International Conference on Very Large Data Bases},
    series = {VLDB '06},
    year = {2006},
    location = {Seoul, Korea},
    pages = {607--618},
    publisher = {VLDB Endowment},
}

@inproceedings{stream:Zhu:2002,
    author = {Zhu, Yunyue and Shasha, Dennis},
    title = {{StatStream}: {S}tatistical Monitoring of Thousands of Data Streams in Real Time},
    booktitle = {Proceedings of the 28th International Conference on Very Large Data Bases},
    series = {VLDB '02},
    year = {2002},
    location = {Hong Kong, China},
    pages = {358--369},
    numpages = {12},
    publisher = {VLDB Endowment},
}



@inproceedings{stream:Chen:2007,
    author = {Chen, Yixin and Tu, Li},
    title = {Density-based Clustering for Real-time Stream Data},
    booktitle = {Proceedings of the 13th ACM SIGKDD International Conference on Knowledge Discovery and Data Mining},
    series = {KDD '07},
    year = {2007},
    location = {San Jose, California, USA},
    pages = {133--142},
    doi = {10.1145/1281192.1281210},
    publisher = {ACM},
    address = {New York, NY, USA},
}

@Manual{stream:Adler:2014,
    title = {{ff}: {M}emory-efficient Storage of Large Data on Disk and Fast Access
Functions},
    author = {Daniel Adler and Christian Gläser and Oleg Nenadic and Jens Oehlschlägel and Walter Zucchini},
    year = {2014},
    note = {R~package version~2.2-13},
    url = {http://CRAN.R-project.org/package=ff},
}

@Article{stream:Kane:2013,
    title = {Scalable Strategies for Computing with Massive Data},
    author = {Michael J. Kane and John Emerson and Stephen Weston},
    journal = {Journal of Statistical Software},
    year = {2013},
    volume = {55},
    number = {14},
    pages = {1--19},
    url = {http://www.jstatsoft.org/v55/i14/},
  }

@Manual{stream:Hennig:2014,
    title = {fpc: Flexible procedures for clustering},
    author = {Christian Hennig},
    year = {2014},
    note = {R~package version~2.1-7},
    url = {http://CRAN.R-project.org/package=fpc},
  }

@Manual{stream:Maechler:2014,
    title = {cluster: Cluster Analysis Basics and Extensions},
    author = {Martin Maechler and Peter Rousseeuw and Anja Struyf and Mia Hubert and Kurt Hornik},
    year = {2014},
    note = {R~package version~1.15.2},
	url = {http://CRAN.R-project.org/package=cluster},
  }

@Article{stream:Kaptein:2014,
    author       = { Maurits Kaptein },
    title        = { RStorm: Developing and Testing Streaming Algorithms in R },
    journal      = { The R Journal },
    year         = { 2014 },
    volume       = { 6 },
    number       = { 1 },
    pages        = { 123--132 },
    month        = Jun,
    url          = { http://journal.r-project.org/archive/2014-1/kaptein.pdf }
}

@Manual{stream:Wijffels:2014,
    title = {{RMOA}: Connect R with MOA to perform streaming classifications},
    author = {Jan Wijffels},
    year = {2014},
    note = {R~package version~1.0},
    url = {http://CRAN.R-project.org/package=RMOA},
}

@Manual{stream:DBI:2014,
    title = {DBI: R Database Interface},
    author = {{R Special Interest Group on Databases}},
    year = {2014},
    note = {R~package version~0.3.1},
    url = {http://CRAN.R-project.org/package=DBI},
}

@Manual{stream:stream:2014,
    title = {stream: Infrastructure for Data Stream Mining},
    author = {Michael Hahsler and Matthew Bola{\~n}os and John Forrest},
    year = {2017},
    note = {R~package version~1.2-4},
    url = {http://CRAN.R-project.org/package=stream},
}

@Manual{stream:streamMOA:2014,
    title = {streamMOA: Interface for MOA Stream Clustering Algorithms},
    author = {Michael Hahsler and Matthew Bolanos},
    year = {2015},
    note = {R~package version~1.1-2},
    url = {http://CRAN.R-project.org/package=streamMOA},
}

@misc{Bache+Lichman:2013,
    author = "K. Bache and M. Lichman",
    year = "2013",
    title = "{UCI} Machine Learning Repository",
    url = "http://archive.ics.uci.edu/ml",
    institution = "University of California, Irvine, School of Information and Computer Sciences"
}

@Book{Eddelbuettel:2013,
    title = {Seamless {R} and {C++} Integration with {Rcpp}},
    author = {Dirk Eddelbuettel},
    publisher = {Springer},
    address = {New York},
    year = {2013},
    note = {ISBN 978-1-4614-6867-7},
}

@Article{Eddelbuettel:2011,
    title = {{Rcpp}: Seamless {R} and {C++} Integration},
    author = {Dirk Eddelbuettel and Romain Fran\c{c}ois},
    journal = {Journal of Statistical Software},
    year = {2011},
    volume = {40},
    number = {8},
    pages = {1--18},
    url = {http://www.jstatsoft.org/v40/i08/},
}

@article{stream_clust:Gama:2013,
    author = {Jo{\~a}o Gama and Raquel Sebasti{\~a}o and Pedro Pereira Rodrigues},
    title = {On evaluating stream learning algorithms},
    journal = {Machine Learning},
    year = {2013},
    pages = {317--346}
}

@inproceedings{stream:Kranen:2010,
    author = {Philipp Kranen and Hardy Kremer and Timm Jansen and Thomas Seidl and Albert Bifet and Geoff Holmes and Bernhard Pfahringer},
    title = {Benchmarking Stream Clustering Algorithms within the MOA Framework},
    booktitle = {16th ACM SIGKDD International Conference on Knowledge Discovery and Data Mining (KDD 2010), Washington, DC, USA},
    publisher = {},
    address = {},
    year = {2010},
    pages = {}
}

@Manual{stream:Hahsler:2015b,
    title = {dbscan: Density Based Clustering of Applications with Noise (DBSCAN) and Related Algorithms},
    author = {Michael Hahsler},
    year = {2017},
    note = {R package version 1.0-0},
    url = {http://CRAN.R-project.org/package=dbscan},
}

@inproceedings{stream_clust:Bifet:2015,
    author = {Bifet, Albert and de Francisci Morales, Gianmarco and Read, Jesse and Holmes, Geoff and Pfahringer, Bernhard},
    title = {Efficient Online Evaluation of Big Data Stream Classifiers},
    booktitle = {Proceedings of the 21th ACM SIGKDD International Conference on Knowledge Discovery and Data Mining},
    series = {KDD '15},
    year = {2015},
    isbn = {978-1-4503-3664-2},
    location = {Sydney, NSW, Australia},
    pages = {59--68},
    publisher = {ACM},
}


@Article{stream:Hahsler:2017,
    title = {Introduction to {stream}: An Extensible Framework for Data Stream Clustering Research with {R}},
    author = {Michael Hahsler and Matthew Bola{\~n}os and John Forrest},
    journal = {Journal of Statistical Software},
    year = {2017},
    volume = {76},
    number = {14},
    pages = {1--50},
    doi = {10.18637/jss.v076.i14},
}

@article{hahsler:Hahsler2016b,
    author = {Michael Hahsler and Matthew Bola{\~n}os},
    title = {Clustering Data Streams Based on Shared Density Between Micro-Clusters},
    journal = {IEEE Transactions on Knowledge and Data Engineering},
    year = {2016},
    volume = {28},
    number = {6},
    pages = {1449--1461},
    month = {June},
    doi = {10.1109/TKDE.2016.2522412},
    issn = {1041-4347},
}

@article{krleza2020shc,
	author = {Krleža, Dalibor and Vrdoljak, Boris and Brčić, Mario},
	doi = {10.1007/s10994-020-05905-4},
	isbn = {1573-0565},
	journal = {Machine Learning},
	title = {Statistical hierarchical clustering algorithm for outlier detection in evolving data streams},
	url = {https://doi.org/10.1007/s10994-020-05905-4},
	year = {2020}
}

@article{kontaki2016efficient,
	title={Efficient and flexible algorithms for monitoring distance-based outliers over data streams},
	author={Kontaki, Maria and Gounaris, Anastasios and Papadopoulos, Apostolos N and Tsichlas, Kostas and Manolopoulos, Yannis},
	journal={Information systems},
	volume={55},
	pages={37--53},
	year={2016},
	publisher={Elsevier}
}
