@article{bushel2007simultaneous,
  title={Simultaneous clustering of gene expression data with clinical chemistry and pathological evaluations reveals phenotypic prototypes},
  author={Bushel, Pierre R and Wolfinger, Russell D and Gibson, Greg},
  journal={BMC Systems Biology},
  volume={1},
  number={1},
  pages={15},
  year={2007},
  publisher={BioMed Central}
}

@article{robert1976unifying,
  title={A unifying tool for linear multivariate statistical methods: the RV-coefficient},
  author={Robert, Paul and Escoufier, Yves},
  journal={Journal of the Royal Statistical Society: Series C (Applied Statistics)},
  volume={25},
  number={3},
  pages={257--265},
  year={1976},
  publisher={Wiley Online Library}
}

@article{clemmensen2007method,
  title={A method for comparison of growth media in objective identification of Penicillium based on multi-spectral imaging},
  author={Clemmensen, Line H and Hansen, Michael E and Frisvad, Jens C and Ersb{\o}ll, Bjarne K},
  journal={Journal of Microbiological Methods},
  volume={69},
  number={2},
  pages={249--255},
  year={2007},
  publisher={Elsevier}
}

@article{ellies2019original,
  title={An Original Methodology for the Selection of Biomarkers of Tenderness in Five Different Muscles},
  author={Ellies-Oury, Marie-Pierre and Lorenzo, Hadrien and Denoyelle, Christophe and Saracco, J{\'e}r{\^o}me and Picard, Brigitte},
  journal={Foods},
  volume={8},
  number={6},
  pages={206},
  year={2019},
  publisher={Multidisciplinary Digital Publishing Institute}
}
