@Manual{Carroll20,
    title = {fdapace: Functional Data Analysis and Empirical Dynamics},
    author = {Cody Carroll and Alvaro Gajardo and Yaqing Chen and Xiongtao Dai and Jianing Fan and Pantelis Z. Hadjipantelis and Kyunghee Han and Hao Ji and Hans-Georg Mueller and Jane-Ling Wang},
    year = {2020},
    note = {R package version 0.5.4},
    url = {https://github.com/functionaldata/tPACE},
  }

@article{Zhang18,
  title={Optimal weighting schemes for longitudinal and functional data},
  author={Zhang, X and Wang, Jâ€“L},
  journal={Statistics \& Probability Letters},
  volume={138},
  pages={165--170},
  year={2018},
  publisher={Elsevier}
}

@article{Zhang16,
  title={From sparse to dense functional data and beyond},
  author={Zhang, X and Wang, J-L},
  journal={The Annals of Statistics},
  volume={44},
  number={5},
  pages={2281--2321},
  year={2016},
  publisher={Institute of Mathematical Statistics}
}

@article{Yao10,
  title={Empirical dynamics for longitudinal data},
  author={M{\"u}ller, H-G and Yao, F},
  journal={The Annals of Statistics},
  volume={38},
  number={6},
  pages={3458--3486},
  year={2010},
  publisher={Institute of Mathematical Statistics}
}

@article{Wang16,
  title={Functional data analysis},
  author={Wang, J-L and Chiou, J-M and M{\"u}ller, H-G},
  journal={Annual Review of Statistics and Its Application},
  volume={3},
  pages={257--295},
  year={2016},
  publisher={Annual Reviews}
}

@article{Yao03,
  title={Shrinkage estimation for functional principal component scores with application to the population kinetics of plasma folate},
  author={Yao, F and M{\"u}ller, H-G and Clifford, A J and Dueker, S R and Follett, J and Lin, Y and Buchholz, B A and Vogel, JS},
  journal={Biometrics},
  volume={59},
  number={3},
  pages={676--685},
  year={2003},
  publisher={Wiley Online Library}
}

@article{Li10,
  title={Uniform convergence rates for nonparametric regression and principal component analysis in functional/longitudinal data},
  author={Li, Y and Hsing, T},
  journal={The Annals of Statistics},
  volume={38},
  number={6},
  pages={3321--3351},
  year={2010},
  publisher={Institute of Mathematical Statistics}
}

@article{Castro86,
  title={Principal modes of variation for processes with continuous sample curves},
  author={Castro, PE and Lawton, WH and Sylvestre, EA},
  journal={Technometrics},
  volume={28},
  number={4},
  pages={329--337},
  year={1986},
  publisher={Taylor \& Francis Group} 
}

@article{Liu09,
  title={Estimating derivatives for samples of sparsely observed functions, with application to online auction dynamics},
  author={Liu, B and M{\"u}ller, H-G},
  journal={Journal of the American Statistical Association},
  volume={104},
  number={486},
  pages={704--717},
  year={2009},
  publisher={Taylor \& Francis} 
}
@article{Yao05,
  title={Functional data analysis for sparse longitudinal data},
  author={Yao, F and M{\"u}ller, H-G and Wang, J-L},
  journal={Journal of the American Statistical Association},
  volume={100},
  number={470},
  pages={577--590},
  year={2005},
  publisher={Taylor \& Francis} 
} 
@article{Higham88,
  title={Computing a nearest symmetric positive semidefinite matrix},
  author={Higham, NJ},
  journal={Linear algebra and its applications},
  volume={103},
  pages={103--118},
  year={1988},
  publisher={Elsevier} 
}
@article{Hyndman2010,
  title={Rainbow plots, bagplots, and boxplots for functional data},
  author={Hyndman, RJ and Shang, HL},
  journal={Journal of Computational and Graphical Statistics},
  volume={19},
  number={1},
  year={2010} 
}

@article{Febrero2007,
  title={A functional analysis of NOx levels: location and scale estimation and outlier detection},
  author={Febrero, M and Galeano, P and Gonz{\'a}lez-Manteiga, W},
  journal={Computational Statistics},
  volume={22},
  number={3},
  pages={411--427},
  year={2007},
  publisher={Springer} 
}

@article{Rousseeuw1999,
  title={The bagplot: a bivariate boxplot},
  author={Rousseeuw, PJ and Ruts, I and Tukey, JW},
  journal={The American Statistician},
  volume={53},
  number={4},
  pages={382--387},
  year={1999},
  publisher={Taylor \& Francis Group} 
}

@article{Carey98,
  title={Relationship of age patterns of fecundity to mortality, longevity, and lifetime reproduction in a large cohort of Mediterranean fruit fly females},
  author={Carey, JR and Liedo, P and M{\"u}ller, H-G and Wang, J-L and Chiou, J-M},
  journal={The Journals of Gerontology Series A: Biological Sciences and Medical Sciences},
  volume={53},
  number={4},
  pages={B245--B251},
  year={1998},
  publisher={Oxford University Press} 
}

@article{Hall2008,
  title={Modelling sparse generalized longitudinal observations with latent Gaussian processes},
  author={Hall, P and M{\"u}ller, H-G and Yao, F},
  journal={Journal of the Royal Statistical Society: Series B (Statistical Methodology)},
  volume={70},
  number={4},
  pages={703--723},
  year={2008},
  publisher={Wiley Online Library}
}

