%%%%%%%%%%%%%%%%%%%%%%%%%%%%%%%%%%%%%%%%%%%%%%%%%%%%%%%%%%%%%%%%%%%%%%%
MB-PLS
%%%%%%%%%%%%%%%%%%%%%%%%%%%%%%%%%%%%%%%%%%%%%%%%%%%%%%%%%%%%%%%%%%%%%%%

@article{wangen1989multiblock,
  title={A multiblock partial least squares algorithm for investigating complex chemical systems},
  author={Wangen, LE and Kowalski, BR},
  journal={Journal of chemometrics},
  volume={3},
  number={1},
  pages={3--20},
  year={1989},
  publisher={Wiley Online Library}
}

@article{westerhuis1998analysis,
  title={Analysis of multiblock and hierarchical PCA and PLS models},
  author={Westerhuis, Johan A and Kourti, Theodora and MacGregor, John F},
  journal={Journal of chemometrics},
  volume={12},
  number={5},
  pages={301--321},
  year={1998}
}

@article{westerhuis1997multivariate,
  title={Multivariate modelling of the tablet manufacturing process with wet granulation for tablet optimization and in-process control},
  author={Westerhuis, Johan A and Coenegracht, Pierre MJ and Lerk, Coenraad F},
  journal={International journal of Pharmaceutics},
  volume={156},
  number={1},
  pages={109--117},
  year={1997},
  publisher={Elsevier}
}

@article{johnstone2004sparse,
  title={Sparse principal components analysis},
  author={Johnstone, Iain M and Lu, Arthur Yu},
  journal={Unpublished manuscript},
  volume={7},
  year={2004}
}


@article{westerhuis2001deflation,
  title={Deflation in multiblock PLS},
  author={Westerhuis, Johan A and Smilde, Age K},
  journal={Journal of chemometrics},
  volume={15},
  number={5},
  pages={485--493},
  year={2001},
  publisher={Wiley Online Library}
}

@Manual{doparalelManual,
    title = {doParallel: Foreach Parallel Adaptor for the 'parallel' Package},
    author = {Microsoft Corporation and Steve Weston},
    year = {2017},
    note = {R package version 1.0.11},
    url = {https://CRAN.R-project.org/package=doParallel},
  }

@article{lorenzo2019supervised,
  title={Supervised Learning for Multi-Block Incomplete Data},
  author={Lorenzo, Hadrien and Saracco, J{\'e}r{\^o}me and Thi{\'e}baut, Rodolphe},
  journal={arXiv preprint arXiv:1901.04380},
  year={2019}
}


@article{qin2001unifying,
  title={On unifying multiblock analysis with application to decentralized process monitoring},
  author={Qin, S Joe and Valle, Sergio and Piovoso, Michael J},
  journal={Journal of chemometrics},
  volume={15},
  number={9},
  pages={715--742},
  year={2001},
  publisher={Wiley Online Library}
}

@phdthesis{vivien2002approches,
  title={Approches PLS lin{\'e}aires et non lin{\'e}aires pour la mod{\'e}lisation de multi-tableaux. Th{\'e}orie et applications},
    author={Vivien, Myrtille},
    year={2002},
    school={Universit{\'e} Montpellier I}
    }

    @article{henao2017efficacy,
    title={Efficacy and effectiveness of an rVSV-vectored vaccine in preventing Ebola virus disease: final results from the Guinea ring vaccination, open-label, cluster-randomised trial (Ebola {\c{C}}a Suffit!)},
    author={Henao-Restrepo, Ana Maria and Camacho, Anton and Longini, Ira M and Watson, Conall H and Edmunds, W John and Egger, Matthias and Carroll, Miles W and Dean, Natalie E and Diatta, Ibrahima and Doumbia, Moussa and others},
    journal={The Lancet},
    volume={389},
    number={10068},
    pages={505--518},
    year={2017},
    publisher={Elsevier}
    }


    @inproceedings{wold1984three,
    title={Three PLS algorithms according to SW},
    author={Wold, S},
    booktitle={Proc.: Symposium MULDAST (multivariate analysis in science and technology)},
    pages={26--30},
    year={1984}
    }

    @article{bougeard2011multiblock,
    title={From multiblock partial least squares to multiblock redundancy analysis. A continuum approach},
    author={Bougeard, St{\'e}phanie and Qannari, El Mostafa and Lupo, Coralie and Hanafi, Mohamed},
    journal={Informatica},
    volume={22},
    number={1},
    pages={11--26},
    year={2011},
    publisher={Vilnius University Institute of Mathematics and Informatics}
    }

    @article{saudargiene1999structurization,
    title={Structurization of the covariance matrix by process type and block-diagonal models in the classifier design},
    author={Saudargien{\.e}, Au{\v{s}}ra},
    journal={Informatica},
    volume={10},
    number={2},
    pages={245--269},
    year={1999},
    publisher={IOS Press}
    }


    %%%%%%%%%%%%%%%%%%%%%
    R-Package
    %%%%%%%%%%%%%%%%%%%%%

    @article{chessel2004ade4,
    title={The ade4 package-I-One-table methods},
    author={Chessel, Daniel and Dufour, Anne B and Thioulouse, Jean and others},
    journal={R news},
    volume={4},
    number={1},
    pages={5--10},
    year={2004}
    }


    %%%%%%%%%%%%%%%%%%%%%%%%%%%%%%%%%%%%%%%%%%%%%%%%%%%%%%%%%%%%%%%%%%%%%%%

    @article{peason1901lines,
    title={On lines and planes of closest fit to systems of point in space},
    author={Peason, K},
    journal={Philosophical Magazine},
    volume={2},
    pages={559--572},
    year={1901}
    }

    @article{imbeaud2005towards,
    title={Towards standardization of RNA quality assessment using user-independent classifiers of microcapillary electrophoresis traces},
    author={Imbeaud, Sandrine and Graudens, Esther and Boulanger, Virginie and Barlet, Xavier and Zaborski, Patrick and Eveno, Eric and Mueller, Odilo and Schroeder, Andreas and Auffray, Charles},
    journal={Nucleic acids research},
    volume={33},
    number={6},
    pages={e56--e56},
    year={2005},
    publisher={Oxford University Press}
    }

    @book{buhlmann2011statistics,
    title={Statistics for high-dimensional data: methods, theory and applications},
    author={B{\"u}hlmann, Peter and Van De Geer, Sara},
    year={2011},
    publisher={Springer Science \& Business Media}
    }

    @article{clemmensen2011sparse,
    title={Sparse discriminant analysis},
    author={Clemmensen, Line and Hastie, Trevor and Witten, Daniela and Ersb{\o}ll, Bjarne},
    journal={Technometrics},
    volume={53},
    number={4},
    pages={406--413},
    year={2011},
    publisher={Taylor \& Francis}
    }

    @article{clemmensen2007method,
    title={A method for comparison of growth media in objective identification of Penicillium based on multi-spectral imaging},
    author={Clemmensen, Line H and Hansen, Michael E and Frisvad, Jens C and Ersb{\o}ll, Bjarne K},
    journal={Journal of Microbiological Methods},
    volume={69},
    number={2},
    pages={249--255},
    year={2007},
    publisher={Elsevier}
    }

    @article{tibshirani2013lasso,
    title={The lasso problem and uniqueness},
    author={Tibshirani, Ryan J and others},
    journal={Electronic Journal of Statistics},
    volume={7},
    pages={1456--1490},
    year={2013},
    publisher={The Institute of Mathematical Statistics and the Bernoulli Society}
    }


    @article{zou2006adaptive,
    title={The adaptive lasso and its oracle properties},
    author={Zou, Hui},
    journal={Journal of the American statistical association},
    volume={101},
    number={476},
    pages={1418--1429},
    year={2006},
    publisher={Taylor \& Francis}
    }

    @article{geng2014variable,
    title={Variable selection via penalized likelihood},
    author={Geng, Zhigeng},
    year={2014},
    school={The University of Wisconsin-Madison}
    }


    @article{efron2004least,
    title={Least angle regression},
    author={Efron, Bradley and Hastie, Trevor and Johnstone, Iain and Tibshirani, Robert and others},
    journal={The Annals of statistics},
    volume={32},
    number={2},
    pages={407--499},
    year={2004},
    publisher={Institute of Mathematical Statistics}
    }


    @inproceedings{zhu2017classification,
    title={Classification of Major Depressive Disorder via Multi-Site Weighted LASSO Model},
    author={Zhu, Dajiang and Riedel, Brandalyn C and Jahanshad, Neda and Groenewold, Nynke A and Stein, Dan J and Gotlib, Ian H and Sacchet, Matthew D and Dima, Danai and Cole, James H and Fu, Cynthia HY and others},
    booktitle={International Conference on Medical Image Computing and Computer-Assisted Intervention},
    pages={159--167},
    year={2017},
    organization={Springer}
    }

    @article{dejeanle,
    title={i L{\^e} Cao, K.-A.(2013)},
    author={D{\'e}jean, S and Gonz{\'a}lez, I},
    journal={Package â€œmixOmics}
    }


    @article{hastie2015matrix,
    title={Matrix completion and low-rank svd via fast alternating least squares},
    author={Hastie, Trevor and Mazumder, Rahul and Lee, Jason D and Zadeh, Reza},
    journal={J. Mach. Learn. Res},
    volume={16},
    number={1},
    pages={3367--3402},
    year={2015}
    }

    @article{tibshirani1996regression,
    title={Regression shrinkage and selection via the lasso},
    author={Tibshirani, Robert},
    journal={Journal of the Royal Statistical Society. Series B (Methodological)},
    pages={267--288},
    year={1996},
    publisher={JSTOR}
    }

    @article{phipson2016robust,
    title={Robust hyperparameter estimation protects against hypervariable genes and improves power to detect differential expression},
    author={Phipson, Belinda and Lee, Stanley and Majewski, Ian J and Alexander, Warren S and Smyth, Gordon K},
    journal={The annals of applied statistics},
    volume={10},
    number={2},
    pages={946},
    year={2016},
    publisher={NIH Public Access}
    }

    @misc{woldestimation,
    title={Estimation of principal components and related models by iterative least squares. Multivariate Analysis. Edited by: Krishnaiah PR. 1966},
    author={Wold, H},
    publisher={New York: Academic Press}
    }


    @Article{Law2014,
    author="Law, Charity W.
    and Chen, Yunshun
    and Shi, Wei
    and Smyth, Gordon K.",
    title="voom: precision weights unlock linear model analysis tools for RNA-seq read counts",
    journal="Genome Biology",
    year="2014",
    month="Feb",
    day="03",
    volume="15",
    number="2",
    pages="R29",
    abstract="New normal linear modeling strategies are presented for analyzing read counts from RNA-seq experiments. The voom method estimates the mean-variance relationship of the log-counts, generates a precision weight for each observation and enters these into the limma empirical Bayes analysis pipeline. This opens access for RNA-seq analysts to a large body of methodology developed for microarrays. Simulation studies show that voom performs as well or better than count-based RNA-seq methods even when the data are generated according to the assumptions of the earlier methods. Two case studies illustrate the use of linear modeling and gene set testing methods.",
    issn="1474-760X",
    doi="10.1186/gb-2014-15-2-r29",
    url="https://doi.org/10.1186/gb-2014-15-2-r29"
    }

    @article{mccarthy2012differential,
    title={Differential expression analysis of multifactor RNA-Seq experiments with respect to biological variation},
    author={McCarthy, Davis J and Chen, Yunshun and Smyth, Gordon K},
    journal={Nucleic acids research},
    volume={40},
    number={10},
    pages={4288--4297},
    year={2012},
    publisher={Oxford University Press}
    }

    @article{halmos1963does,
    title={What does the spectral theorem say?},
    author={Halmos, Paul R},
    journal={The American Mathematical Monthly},
    volume={70},
    number={3},
    pages={241--247},
    year={1963},
    publisher={JSTOR}
    }

    @article{eckart1936approximation,
    title={The approximation of one matrix by another of lower rank},
    author={Eckart, Carl and Young, Gale},
    journal={Psychometrika},
    volume={1},
    number={3},
    pages={211--218},
    year={1936},
    publisher={Springer}
    }

    @article{dempster1977maximum,
    title={Maximum likelihood from incomplete data via the EM algorithm},
    author={Dempster, Arthur P and Laird, Nan M and Rubin, Donald B},
    journal={Journal of the royal statistical society. Series B (methodological)},
    pages={1--38},
    year={1977},
    publisher={JSTOR}
    }

    @inproceedings{tenenhaus1999methodes,
    title={Les m{\'e}thodes PLS},
    author={Tenenhaus, Michel and Morineau, A},
    booktitle={Symposium international pls},
    volume={99},
    year={1999}
    }

    @article{wold1966estimation,
    title={Estimation of principal components and related models by iterative least squares},
    author={Wold, Herman},
    journal={Multivariate analysis},
    pages={391--420},
    year={1966},
    publisher={Academic Press}
    }

    @article{heinloth2004gene,
    title={Gene expression profiling of rat livers reveals indicators of potential adverse effects},
    author={Heinloth, Alexandra N and Irwin, Richard D and Boorman, Gary A and Nettesheim, Paul and Fannin, Rickie D and Sieber, Stella O and Snell, Michael L and Tucker, Charles J and Li, Leping and Travlos, Gregory S and others},
    journal={Toxicological Sciences},
    volume={80},
    number={1},
    pages={193--202},
    year={2004},
    publisher={Oxford University Press}
    }

    @article{arfken1985lagrange,
    title={Lagrange multipliers},
    author={Arfken, George},
    journal={Mathematical methods for physicists},
    pages={945--950},
    year={1985}
    }

    @article{peason1901lines,
    title={On lines and planes of closest fit to systems of point in space},
    author={Peason, K},
    journal={Philosophical Magazine},
    volume={2},
    pages={559--572},
    year={1901}
    }
    @article{shen2008sparse,
    title={Sparse principal component analysis via regularized low rank matrix approximation},
    author={Shen, Haipeng and Huang, Jianhua Z},
    journal={Journal of multivariate analysis},
    volume={99},
    number={6},
    pages={1015--1034},
    year={2008},
    publisher={Elsevier}
    }

    @article{le2009integromics,
    title={integrOmics: an R package to unravel relationships between two omics datasets},
    author={L{\^e} Cao, Kim-Anh and Gonz{\'a}lez, Ignacio and D{\'e}jean, S{\'e}bastien},
    journal={Bioinformatics},
    volume={25},
    number={21},
    pages={2855--2856},
    year={2009},
    publisher={Oxford University Press}
    }

    @article{de2013history,
    title={History of nonlinear principal component analysis},
    author={De Leeuw, Jan},
    year={2013}
    }

    @article{tenenhaus2011regularized,
    title={Regularized generalized canonical correlation analysis},
    author={Tenenhaus, Arthur and Tenenhaus, Michel},
    journal={Psychometrika},
    volume={76},
    number={2},
    pages={257},
    year={2011},
    publisher={Springer}
    }

    @book{galton1894natural,
    title={Natural inheritance},
    author={Galton, Francis},
    year={1894},
    publisher={Macmillan}
    }

    @article{hoskuldsson1988pls,
    title={PLS regression methods},
    author={H{\"o}skuldsson, Agnar},
    journal={Journal of chemometrics},
    volume={2},
    number={3},
    pages={211--228},
    year={1988},
    publisher={Wiley Online Library}
    }

    @article{tenenhaus2014variable,
    title={Variable selection for generalized canonical correlation analysis},
    author={Tenenhaus, Arthur and Philippe, Cathy and Guillemot, Vincent and Le Cao, Kim-Anh and Grill, Jacques and Frouin, Vincent},
    journal={Biostatistics},
    volume={15},
    number={3},
    pages={569--583},
    year={2014},
    publisher={Oxford University Press}
    }


    @inproceedings{bastien2003pls,
    title={PLS regression and multiple imputation},
    author={Bastien, Philippe and Tenenhaus, Michel},
    booktitle={Proceedings of the PLSâ€™03 international Symposium, Vilares M. et al. editors. CISIA, Paris},
    pages={497--498},
    year={2003}
    }

    @article{green1988simple,
    title={A simple procedure for finding a composite of several multidimensional scaling solutions},
    author={Green, Paul E and Carroll, J Douglas},
    journal={Journal of the Academy of Marketing Science},
    volume={16},
    number={1},
    pages={25--35},
    year={1988},
    publisher={Springer}
    }


    @incollection{wold1983multivariate,
    title={The multivariate calibration problem in chemistry solved by the PLS method},
    author={Wold, Svante and Martens, Harold and Wold, H},
    booktitle={Matrix pencils},
    pages={286--293},
    year={1983},
    publisher={Springer}
    }

    @article{van2006generalized,
    title={Generalized canonical correlation analysis of matrices with missing rows: a simulation study},
    author={Van De Velden, Michel and Bijmolt, Tammo HA},
    journal={Psychometrika},
    volume={71},
    number={2},
    pages={323--331},
    year={2006},
    publisher={Springer}
    }


    @article{heiser1987correspondence,
    title={Correspondence analysis with least absolute residuals},
    author={Heiser, Willem J},
    journal={Computational Statistics \& Data Analysis},
    volume={5},
    number={4},
    pages={337--356},
    year={1987},
    publisher={Elsevier}
    }

    @article{josse2009gestion,
    title={Gestion des donn{\'e}es manquantes en analyse en composantes principales},
    author={Josse, Julie and Husson, Fran{\c{c}}ois and Pag{\`e}s, J{\'e}r{\^o}me},
    journal={Journal de la Soci{\'e}t{\'e} Fran{\c{c}}aise de Statistique},
    volume={150},
    number={2},
    pages={28--51},
    year={2009}
    }


    @article{nakagawa2008missing,
    title={Missing inaction: the dangers of ignoring missing data},
    author={Nakagawa, Shinichi and Freckleton, Robert P},
    journal={Trends in Ecology \& Evolution},
    volume={23},
    number={11},
    pages={592--596},
    year={2008},
    publisher={Elsevier}
    }

    @article{kiers1997weighted,
    title={Weighted least squares fitting using ordinary least squares algorithms},
    author={Kiers, Henk AL},
    journal={Psychometrika},
    volume={62},
    number={2},
    pages={251--266},
    year={1997},
    publisher={Springer}
    }

    @article{wold1985partial,
    title={Partial least squares},
    author={Wold, Herman},
    journal={Encyclopedia of statistical sciences},
    year={1985},
    publisher={Wiley Online Library}
    }

    @article{hotelling1936relations,
    title={Relations between two sets of variates},
    author={Hotelling, Harold},
    journal={Biometrika},
    volume={28},
    number={3/4},
    pages={321--377},
    year={1936},
    publisher={JSTOR}
    }

    @article{mises1929praktische,
    title={Praktische Verfahren der Gleichungsaufl{\"o}sung.},
    author={Mises, RV and Pollaczek-Geiringer, Hilda},
    journal={ZAMM-Journal of Applied Mathematics and Mechanics/Zeitschrift f{\"u}r Angewandte Mathematik und Mechanik},
    volume={9},
    number={2},
    pages={152--164},
    year={1929},
    publisher={Wiley Online Library}
    }


    @article{hotelling1933analysis,
    title={Analysis of a complex of statistical variables into principal components.},
    author={Hotelling, Harold},
    journal={Journal of educational psychology},
    volume={24},
    number={6},
    pages={417},
    year={1933},
    publisher={Warwick \& York}
    }

    @article{verbanck2015regularised,
    title={Regularised PCA to denoise and visualise data},
    author={Verbanck, Marie and Josse, Julie and Husson, Fran{\c{c}}ois},
    journal={Statistics and Computing},
    volume={25},
    number={2},
    pages={471--486},
    year={2015},
    publisher={Springer}
    }

    @article{candes2013unbiased,
    title={Unbiased risk estimates for singular value thresholding and spectral estimators},
    author={Candes, Emmanuel J and Sing-Long, Carlos A and Trzasko, Joshua D},
    journal={IEEE transactions on signal processing},
    volume={61},
    number={19},
    pages={4643--4657},
    year={2013},
    publisher={IEEE}
    }

    @article{desert2008transcriptome,
    title={Transcriptome profiling of the feeding-to-fasting transition in chicken liver},
    author={D{\'e}sert, Colette and Duclos, Michel J and Blavy, Pierre and Lecerf, Fr{\'e}d{\'e}ric and Moreews, Fran{\c{c}}ois and Klopp, Christophe and Aubry, Marc and Herault, Fr{\'e}d{\'e}ric and Le Roy, Pascale and Berri, C{\'e}cile and others},
    journal={BMC genomics},
    volume={9},
    number={1},
    pages={611},
    year={2008},
    publisher={BioMed Central}
    }

    @article{morand2007analyse,
    title={Analyse factorielle multiple procust{\'e}enne},
    author={Morand, Elisabeth and Pag{\`e}s, J{\'e}r{\^o}me},
    journal={J. Soc. Fr. Stat. \& Rev. Stat. Appl},
    volume={148},
    number={2},
    pages={65--97},
    year={2007}
    }

    @article{escoufier1973traitement,
    title={Le traitement des variables vectorielles},
    author={Escoufier, Yves},
    journal={Biometrics},
    pages={751--760},
    year={1973},
    publisher={JSTOR}
    }

    @article{josse2008testing,
    title={Testing the significance of the RV coefficient},
    author={Josse, Julie and Pag{\`e}s, J{\'e}r{\^o}me and Husson, Fran{\c{c}}ois},
    journal={Computational Statistics \& Data Analysis},
    volume={53},
    number={1},
    pages={82--91},
    year={2008},
    publisher={Elsevier}
    }

    @article{dray2015principal,
    title={Principal component analysis with missing values: a comparative survey of methods},
    author={Dray, St{\'e}phane and Josse, Julie},
    journal={Plant Ecology},
    volume={216},
    number={5},
    pages={657--667},
    year={2015},
    publisher={Springer}
    }

    @article{husson2013handling,
    title={Handling missing values in multiple factor analysis},
    author={Husson, Fran{\c{c}}ois and Josse, Julie},
    journal={Food quality and preference},
    volume={30},
    number={2},
    pages={77--85},
    year={2013},
    publisher={Elsevier}
    }

    @article{hothorn2001multivariate,
    title={On multivariate t and Gauss probabilities in R},
    author={Hothorn, Torsten and Bretz, Frank and Genz, Alan},
    journal={sigma},
    volume={1000},
    pages={3},
    year={2001}
    }

    @article{josse2012handling,
    title={Handling missing values in exploratory multivariate data analysis methods},
    author={Josse, Julie and Husson, Fran{\c{c}}ois},
    journal={Journal de la Soci{\'e}t{\'e} Fran{\c{c}}aise de Statistique},
    volume={153},
    number={2},
    pages={79--99},
    year={2012}
    }

    @Article{rechtienrichertlorenzo,
    author={Rechtien, Anne
    and Richert, Laura
    and Lorenzo, Hadrien
    and Martrus, Gloria
    and Hejblum, Boris
    and Dahlke, Christine
    and Kasonta, Rahel
    and Zinser, Madeleine
    and Stubbe, Hans
    and Matschl, Urte
    and Lohse, Ansgar
    and Kr{\"a}hling, Verena
    and Eickmann, Markus
    and Becker, Stephan
    and Agnandji, Selidji Todagbe
    and Krishna, Sanjeev
    and Kremsner, Peter G.
    and Brosnahan, Jessica S.
    and Bejon, Philip
    and Njuguna, Patricia
    and Addo, Marylyn M.
    and Siegrist, Claire-Anne
    and Huttner, Angela
    and Kieny, Marie-Paule
    and Moorthy, Vasee
    and Fast, Patricia
    and Savarese, Barbara
    and Lapujade, Olivier
    and Thi{\'e}baut, Rodolphe
    and Altfeld, Marcus
    and Addo, Marylyn},
    title={Systems Vaccinology Identifies an Early Innate Immune Signature as a Correlate of Antibody Responses to the Ebola Vaccine rVSV-ZEBOV},
    journal={Cell Reports},
    year={XXXX},
    month={2017/09/05},
    publisher={Elsevier},
    volume={20},
    number={9},
    pages={2251-2261},
    issn={2211-1247},
    doi={10.1016/j.celrep.2017.08.023},
    url={http://dx.doi.org/10.1016/j.celrep.2017.08.023}
    }

    @article{friedman2007pathwise,
    title={Pathwise coordinate optimization},
    author={Friedman, Jerome and Hastie, Trevor and H{\"o}fling, Holger and Tibshirani, Robert and others},
    journal={The Annals of Applied Statistics},
    volume={1},
    number={2},
    pages={302--332},
    year={2007},
    publisher={Institute of Mathematical Statistics}
    }

    @article{chun2010sparse,
    title={Sparse partial least squares regression for simultaneous dimension reduction and variable selection},
    author={Chun, Hyonho and Kele{\c{s}}, S{\"u}nd{\"u}z},
    journal={Journal of the Royal Statistical Society: Series B (Statistical Methodology)},
    volume={72},
    number={1},
    pages={3--25},
    year={2010},
    publisher={Wiley Online Library}
    }


    @article{jolliffe2003modified,
    title={A modified principal component technique based on the LASSO},
    author={Jolliffe, Ian T and Trendafilov, Nickolay T and Uddin, Mudassir},
    journal={Journal of computational and Graphical Statistics},
    volume={12},
    number={3},
    pages={531--547},
    year={2003},
    publisher={Taylor \& Francis}
    }

    @book{anderson1999lapack,
    title={LAPACK Users' guide},
    author={Anderson, Edward and Bai, Zhaojun and Bischof, Christian and Blackford, L Susan and Demmel, James and Dongarra, Jack and Du Croz, Jeremy and Greenbaum, Anne and Hammarling, Sven and McKenney, Alan and others},
    year={1999},
    publisher={SIAM}
    }

  @article{vanGinkel2017,
    author = {van Ginkel, Joost and Kroonenberg, Pieter},
    year = {2017},
    month = {07},
    pages = {1-23},
    title = {Evaluation of multiple-imputation procedures for three-mode component models},
    booktitle = {Journal of Statistical Computation and Simulation}
  }

  @article{le2008sparse,
    title={A sparse PLS for variable selection when integrating omics data},
    author={L{\^e} Cao, Kim-Anh and Rossouw, Debra and Robert-Grani{\'e}, Christele and Besse, Philippe},
      journal={Statistical applications in genetics and molecular biology},
      volume={7},
      number={1},
      year={2008}
    }

      @article{liquet2015group,
      title={Group and sparse group partial least square approaches applied in genomics context},
      author={Liquet, Beno{\^\i}t and de Micheaux, Pierre Lafaye and Hejblum, Boris P and Thi{\'e}baut, Rodolphe},
      journal={Bioinformatics},
      volume={32},
      number={1},
      pages={35--42},
      year={2015},
      publisher={Oxford University Press}
      }

      @article{che2018recurrent,
      title={Recurrent neural networks for multivariate time series with missing values},
      author={Che, Zhengping and Purushotham, Sanjay and Cho, Kyunghyun and Sontag, David and Liu, Yan},
      journal={Scientific reports},
      volume={8},
      number={1},
      pages={6085},
      year={2018},
      publisher={Nature Publishing Group}
      }


      @article{josse2016missmda,
      title={missMDA: a package for handling missing values in multivariate data analysis},
      author={Josse, Julie and Husson, Fran{\c{c}}ois},
      journal={Journal of Statistical Software},
      volume={70},
      number={1},
      pages={1--31},
      year={2016}
      }

      @book{hastie2015statistical,
      title={Statistical learning with sparsity: the lasso and generalizations},
      author={Hastie, Trevor and Tibshirani, Robert and Wainwright, Martin},
      year={2015},
      publisher={CRC press}
      }

      @inproceedings{belkin2002using,
      title={Using manifold stucture for partially labeled classification},
      author={Belkin, Mikhail and Niyogi, Partha},
      booktitle={Advances in neural information processing systems},
      pages={929--936},
      year={2002}
      }

      @article{hastie2015softimpute,
      title={softImpute: Matrix Completion via Iterative Soft-Thresholded SVD},
      author={Hastie, T and Mazumder, R},
      journal={R package version},
      volume={1},
      year={2015}
      }


      @article{berard1994embedding,
      title={Embedding Riemannian manifolds by their heat kernel},
      author={B{\'e}rard, Pierre and Besson, G{\'e}rard and Gallot, Sylvain},
  journal={Geometric \& Functional Analysis GAFA},
  volume={4},
  number={4},
  pages={373--398},
  year={1994},
  publisher={Springer}
}

@article{rechtien2017systems,
  title={Systems Vaccinology Identifies an Early Innate Immune Signature as a Correlate of Antibody Responses to the Ebola Vaccine rVSV-ZEBOV},
  author={Rechtien, Anne and Richert, Laura and Lorenzo, Hadrien and Martrus, Gloria and Hejblum, Boris and Dahlke, Christine and Kasonta, Rahel and Zinser, Madeleine and Stubbe, Hans and Matschl, Urte and others},
  journal={Cell reports},
  volume={20},
  number={9},
  pages={2251--2261},
  year={2017},
  publisher={Elsevier}
}

@article{bushel2007simultaneous,
  title={Simultaneous clustering of gene expression data with clinical chemistry and pathological evaluations reveals phenotypic prototypes},
  author={Bushel, Pierre R and Wolfinger, Russell D and Gibson, Greg},
  journal={BMC Systems Biology},
  volume={1},
  number={1},
  pages={15},
  year={2007},
  publisher={BioMed Central}
}
