@String{CRAN = "https://CRAN.R-project.org/"}
@String{GitHub = "https://github.com/"}

@Manual{CRAN:r,
  title         = {\proglang{R}: A Language and Environment for Statistical Computing},
  author        = {{\proglang{R} Core Team}},
  organization  = {\proglang{R} Foundation for Statistical Computing},
  address       = {Vienna, Austria},
  year          = {2019},
  url           = {https://www.R-project.org/},
}

@Manual{R:compiler,
  title         = {A Byte-code Compiler for \proglang{R}},
  author        = {Luke Tierney},
  organization  = {Department of Statistics and Actuarial Science, University of Iowa},
  year          = {2019},
  url           = {https://www.stat.uiowa.edu/~luke/R/compiler/compiler.pdf},
}

@Manual{CRAN:simmer,
  title         = {\pkg{simmer}: Discrete-Event Simulation for \proglang{R}},
  author        = {I{\\~n}aki Ucar and Bart Smeets},
  year          = {2019},
  note          = {\proglang{R}~package version~4.3.0},
  url           = CRAN # "package=simmer",
}

@Manual{CRAN:simmer.plot,
  title         = {\pkg{simmer.plot}: Plotting Methods for \pkg{simmer}},
  author        = {I{\\~n}aki Ucar and Bart Smeets},
  year          = {2019},
  note          = {\proglang{R}~package version~0.1.15},
  url           = CRAN # "package=simmer.plot",
}

@Manual{CRAN:queuecomputer,
  title         = {\pkg{queuecomputer}: Computationally Efficient Queue Simulation},
  author        = {Anthony Ebert},
  year          = {2018},
  note          = {\proglang{R}~package version~0.8.3},
  url           = CRAN # "package=queuecomputer",
}

@Article{arxiv:queuecomputer,
  title         = {Computationally Efficient Simulation of Queues: The {R}
                  Package \pkg{queuecomputer}},
  author        = {Anthony Ebert and Paul Wu and Kerrie Mengersen and Fabrizio Ruggeri},
  year          = {2017},
  journal       = {arXiv:1703.02151},
  note          = {arXiv.org E-Print Archive},
  url           = {http://arxiv.org/abs/1703.02151},
}

@Manual{CRAN:SpaDES,
  title         = {\pkg{SpaDES}: Develop and Run Spatially
                  Explicit Discrete Event Simulation Models},
  author        = {Alex M Chubaty and Eliot J B McIntire},
  year          = {2019},
  note          = {\proglang{R}~package version~2.0.3},
  url           = CRAN # "package=SpaDES",
}

@Manual{CRAN:R6,
  title         = {\pkg{R6}: Classes with Reference Semantics},
  author        = {Winston Chang},
  year          = {2019},
  note          = {\proglang{R}~package version~2.4.0},
  url           = CRAN # "package=R6",
}

@Manual{CRAN:magrittr,
  title         = {\pkg{magrittr}: A Forward-Pipe Operator for R},
  author        = {Stefan Milton Bache and Hadley Wickham},
  year          = {2014},
  note          = {\proglang{R}~package version~1.5},
  url           = CRAN # "package=magrittr",
}

@Manual{CRAN:dplyr,
  title         = {\pkg{dplyr}: A Grammar of Data Manipulation},
  author        = {Hadley Wickham and Romain Fran\c{c}ois and Kirill M\"{u}ller},
  year          = {2019},
  note          = {\proglang{R}~package version~0.8.0.1},
  url           = CRAN # "package=dplyr",
}

@Manual{CRAN:rPython,
  title         = {\pkg{rPython}: Package Allowing \proglang{R} to Call \proglang{Python} },
  author        = {Carlos J. {Gil Bellosta}},
  year          = {2015},
  note          = {\proglang{R}~package version~0.0-6},
  url           = CRAN # "package=rPython",
}

@Manual{CRAN:microbenchmark,
  title         = {\pkg{microbenchmark}: Accurate Timing Functions},
  author        = {Olaf Mersmann},
  year          = {2018},
  note          = {\proglang{R}~package version~1.4-6},
  url           = CRAN # "package=microbenchmark",
}

@Manual{SimPy,
  author        = {{Team SimPy}},
  title         = {\pkg{SimPy}: Discrete-Event Simulation for \proglang{Python}},
  year          = {2017},
  note          = {\proglang{Python}~package version~3.0.9},
  url           = {https://simpy.readthedocs.io/en/stable},
}

@Manual{GitHub:rJulia,
  title         = {\pkg{rjulia}: Integrating \proglang{R} and \proglang{Julia}
                  -- Calling \proglang{Julia} from \proglang{R}},
  author        = {Yu Gong},
  year          = {2017},
  note          = {\proglang{R}~package version~0.9-3},
  url           = GitHub # "armgong/rjulia",
}

@Manual{GitHub:SimJulia,
  title         = {\pkg{SimJulia.jl}: Combined Continuous-Time / Discrete-Event
                  Process Oriented Simulation Framework Written in \proglang{Julia}},
  author        = {Lauwens, Ben},
  year          = {2017},
  note          = {\proglang{Julia}~package version~0.5},
  url           = GitHub # "BenLauwens/SimJulia.jl",
}

@Book{Shannon:1975:Systems,
  title         = {Systems Simulation: The Art and Science},
  author        = {Robert E. Shannon},
  lccn          = {75001174},
  year          = {1975},
  publisher     = {Prentice-Hall},
}

@Book{Law:2000:Simulation,
  title         = {Simulation Modeling and Analysis},
  author        = {A. M. Law and W. D. Kelton},
  lccn          = {99052146},
  series        = {McGraw-Hill Series in Industrial Engineering and Management Science},
  year          = {2000},
  publisher     = {McGraw-Hill},
}

@Book{Banks:2005:Discrete,
  title         = {Discrete-event System Simulation},
  author        = {J. Banks},
  lccn          = {2004053354},
  series        = {Prentice-Hall International Series in Industrial and Systems Engineering},
  year          = {2005},
  publisher     = {Pearson Prentice Hall},
}

@Book{Pidd:1988:Computer,
  title         = {Computer Simulation in Management Science},
  author        = {M. Pidd},
  lccn          = {87037481},
  year          = {1988},
  publisher     = {John Wiley \& Sons},
}

@Book{Matloff:2011:ARP:2090080,
  author        = {Norman Matloff},
  title         = {The Art of \proglang{R} Programming: A Tour of Statistical Software Design},
  year          = {2011},
  edition       = {1st},
  publisher     = {No Starch Press},
  address       = {San Francisco},
}

@Book{Eddelbuettel:2013:Rcpp,
  title         = {Seamless \proglang{R} and \proglang{C++} Integration with \pkg{Rcpp}},
  author        = {Dirk Eddelbuettel},
  publisher     = {Springer-Verlag},
  address       = {New York},
  year          = {2013},
}

@Article{Eddelbuettel:2011:Rcpp,
  title         = {\pkg{Rcpp}: Seamless \proglang{R} and \proglang{C++} Integration},
  author        = {Dirk Eddelbuettel and Romain Fran\c{c}ois},
  journal       = {Journal of Statistical Software},
  year          = {2011},
  volume        = {40},
  number        = {8},
  pages         = {1--18},
  doi           = {10.18637/jss.v040.i08},
}

@Article{Jha:2000:SEL:361026.361032,
  author        = {Vikas Jha and Rajive Bagrodia},
  title         = {Simultaneous Events and Lookahead in Simulation Protocols},
  journal       = {ACM Transactions on Modeling and Computer Simulation},
  issue_date    = {July 2000},
  volume        = {10},
  number        = {3},
  month         = jul,
  year          = {2000},
  pages         = {241--267},
  numpages      = {27},
  doi           = {10.1145/361026.361032},
  acmid         = {361032},
  publisher     = {ACM},
  address       = {New York, NY, USA},
}

@Article{Kendall:1953,
  title         = {Stochastic Processes Occurring in the Theory of Queues
                  and their Analysis by the Method of the Imbedded Markov Chain},
  author        = {David G. Kendall},
  journal       = {The Annals of Mathematical Statistics},
  publisher     = {The Institute of Mathematical Statistics},
  volume        = {24},
  number        = {3},
  pages         = {338--354},
  year          = {1953},
  doi           = {10.1214/aoms/1177728975},
}

@InProceedings{Ronngren:1999:EOP:301429.301456,
  author        = {Robert R\"{o}nngren and Michael Liljenstam},
  title         = {On Event Ordering in Parallel Discrete Event Simulation},
  booktitle     = {Proceedings of the Thirteenth Workshop on Parallel and Distributed Simulation},
  series        = {PADS '99},
  year          = {1999},
  location      = {Atlanta, Georgia, USA},
  pages         = {38--45},
  numpages      = {8},
  acmid         = {301456},
  publisher     = {IEEE Computer Society},
  address       = {Washington, DC},
}
