%% This BibTeX bibliography file was created using BibDesk.
%% http://bibdesk.sourceforge.net/

%% Created for Christophe Dutang at 2015-11-12 17:38:19 +0100 


%% Saved with string encoding Unicode (UTF-8) 



@article{abanetal06,
	Author = {A.B. Aban and M.M. Meerschaert and A.K. Panorska},
	Date-Added = {2015-11-12 16:37:45 +0000},
	Date-Modified = {2015-11-12 16:37:45 +0000},
	Journal = {Journal of the American Statistical Association},
	Title = {{Paramter estimation for the truncated Pareto distribution}},
	Year = {2006}}

@incollection{arnold08,
	Author = {Barry C. Arnold},
	Booktitle = {Encyclopedia of Statistical Sciences},
	Date-Added = {2015-11-12 16:37:45 +0000},
	Date-Modified = {2015-11-12 16:37:45 +0000},
	Publisher = {Wiley Interscience},
	Title = {Pareto Distributions},
	Year = {2008}}

@book{arnold83,
	Author = {Barry C. Arnold},
	Date-Added = {2015-11-12 16:37:45 +0000},
	Date-Modified = {2015-11-12 16:37:45 +0000},
	Publisher = {International Co-operative Publishing House},
	Title = {Pareto Distributions},
	Year = {1983}}

@article{aryalnadarajah04,
	Author = {G. Aryal and S. Nadarajah},
	Date-Added = {2015-11-12 16:37:45 +0000},
	Date-Modified = {2015-11-12 16:37:45 +0000},
	Journal = {Serdica Mathematical Journal},
	Pages = {513-526},
	Title = {Information matrix for beta distributions},
	Volume = {30},
	Year = {2004}}

@article{brazauskas02,
	Author = {V. Brazauskas},
	Date-Added = {2015-11-12 16:37:45 +0000},
	Date-Modified = {2015-11-12 16:37:45 +0000},
	Journal = {Statistics and Probability Letters},
	Pages = {159-167},
	Title = {Fisher information matrix of the {Feller-Pareto} distribution},
	Volume = {59},
	Year = {2002}}

@article{cao2008convexities,
	Author = {Cao, Jian and Niu, Da-Wei and Qi, Feng},
	Date-Added = {2015-11-12 16:37:45 +0000},
	Date-Modified = {2015-11-12 16:37:45 +0000},
	Journal = {Applied Mathematics E-Notes},
	Pages = {53-57},
	Title = {Convexities of some functions involving the polygamma functions},
	Volume = {8},
	Year = {2008}}

@book{carterbrunt00,
	Author = {M. Carter and B. van Brunt},
	Date-Added = {2015-11-12 16:37:45 +0000},
	Date-Modified = {2015-11-12 16:37:45 +0000},
	Publisher = {Springer},
	Title = {The Lebesgue-Stieltjes Integral: a Practical Introduction},
	Year = {2000}}

@book{casellalehmann98,
	Author = {G. Casella and E.L Lehmann},
	Date-Added = {2015-11-12 16:37:45 +0000},
	Date-Modified = {2015-11-12 16:37:45 +0000},
	Publisher = {Springer-Verlag},
	Title = {Theory of Point Estimation},
	Year = {1998}}

@techreport{clark13,
	Author = {D.R. Clark},
	Date-Added = {2015-11-12 16:37:45 +0000},
	Date-Modified = {2015-11-12 16:37:45 +0000},
	Institution = {Casualty Actuarial Society E-Forum},
	Title = {{A note on the upper-truncated Pareto distribution}},
	Year = {2013}}

@article{couturier10,
	Author = {Couturier, D.-L. and Victoria-Feser, M.-P.},
	Date-Added = {2015-11-12 16:37:45 +0000},
	Date-Modified = {2015-11-12 16:37:45 +0000},
	Journal = {Annals of Applied Statistics, Forthcoming},
	Title = {Zero-inflated truncated generalized Pareto distribution for the analysis of radio audience data},
	Year = {2010}}

@article{coxwermuth98,
	Author = {D. R. Cox},
	Date-Added = {2015-11-12 16:37:45 +0000},
	Date-Modified = {2015-11-12 16:37:45 +0000},
	Journal = {Scandinavian Journal of Statistics},
	Pages = {209-220},
	Title = {Likelihood factorizations for mixed discrete and continuous variables},
	Volume = {26},
	Year = {1998}}

@unpublished{dtggespedi15:1infl,
	Author = {C. Dutang and M. Gesmann and G. Spedicato},
	Date-Added = {2015-11-12 16:37:45 +0000},
	Date-Modified = {2015-11-12 16:37:45 +0000},
	Note = {preprint},
	Title = {Using one-inflated distributions for destruction rate models},
	Year = {2015}}

@unpublished{dtggespedi15:mbbefd,
	Author = {C. Dutang and M. Gesmann and G. Spedicato},
	Date-Added = {2015-11-12 16:37:45 +0000},
	Date-Modified = {2015-11-12 16:37:45 +0000},
	Note = {preprint},
	Title = {Using {MBBEFD} distributions for destruction rate models},
	Year = {2015}}

@book{hornjohnson90,
	Author = {R. A. Horn and C. R. Johnson},
	Date-Added = {2015-11-12 16:37:45 +0000},
	Date-Modified = {2015-11-12 16:37:45 +0000},
	Publisher = {Cambridge University Press},
	Title = {Matrix Analysis},
	Year = {1990}}

@unpublished{huan98,
	Author = {A. Huan},
	Date-Added = {2015-11-12 16:37:45 +0000},
	Date-Modified = {2015-11-12 16:37:45 +0000},
	Note = {tech report},
	Title = {Statistical Mechanics},
	Year = {1998}}

@book{klugmanetal12,
	Author = {S.A. Klugman and H.H. Panjer and G.E. Willmot},
	Date-Added = {2015-11-12 16:37:45 +0000},
	Date-Modified = {2015-11-12 16:37:45 +0000},
	Publisher = {Wiley},
	Title = {Loss Models: From Data to Decisions},
	Year = {2012}}

@book{kotzetal04,
	Date-Added = {2015-11-12 16:37:45 +0000},
	Date-Modified = {2015-11-12 16:37:45 +0000},
	Publisher = {World Scientific},
	Title = {Beyond Beta: Other Continuous Families Distributions with Bounded Support and Applications},
	Year = {2004}}

@manual{mbbefdpkg,
	Author = {Giorgio Spedicato and Christophe Dutang},
	Date-Added = {2015-11-12 16:37:45 +0000},
	Date-Modified = {2015-11-12 16:37:45 +0000},
	Note = {R package version 0.7-1},
	Title = {mbbefd: Maxwell Boltzmann Bose Einstein Fermi Dirac Distribution and Destruction Rate Modelling},
	Url = {http://github.com/spedygiorgio/mbbefd},
	Year = {2015},
	Bdsk-Url-1 = {http://github.com/spedygiorgio/mbbefd}}

@article{mcdonald84,
	Author = {J.B. McDonald},
	Date-Added = {2015-11-12 16:37:45 +0000},
	Date-Modified = {2015-11-12 16:37:45 +0000},
	Journal = {Econometrica},
	Pages = {647-664},
	Title = {Some generalized functions for the size distribution of income},
	Volume = {52},
	Year = {1984}}

@article{mcdonald95,
	Author = {J.B. McDonald and Y.J. Xu},
	Date-Added = {2015-11-12 16:37:45 +0000},
	Date-Modified = {2015-11-12 16:37:45 +0000},
	Journal = {Journal of Econometrics},
	Pages = {133-152},
	Title = {A generalization of the beta distribution with applications},
	Volume = {66},
	Year = {1995}}

@incollection{mcdonaldransom08,
	Author = {J.B. McDonald and M. Ransom},
	Booktitle = {Modeling Income Distributions and Lorenz Curves},
	Date-Added = {2015-11-12 16:37:45 +0000},
	Date-Modified = {2015-11-12 16:37:45 +0000},
	Publisher = {Springer},
	Title = {The Generalized Beta Distribution as a Model for the Distribution of Income: Estimation of Related Measures of Inequality},
	Year = {2008}}

@phdthesis{mills13,
	Author = {E.D. Mills},
	Date-Added = {2015-11-12 16:37:45 +0000},
	Date-Modified = {2015-11-12 16:37:45 +0000},
	School = {Graduate College of The University of Iowa},
	Title = {Adjusting for covariates in zero-inflated gamma and zero-inflated log-normal models for semicontinuous data},
	Year = {2013}}

@article{ospinaferrari10,
	Author = {Ospina, R. and Ferrari, Silvia L.P.},
	Date-Added = {2015-11-12 16:37:45 +0000},
	Date-Modified = {2015-11-12 16:37:45 +0000},
	Journal = {Statistical Papers},
	Number = {1},
	Pages = {111--126},
	Publisher = {Springer},
	Title = {Inflated beta distributions},
	Volume = {51},
	Year = {2010}}

@article{ospinaferrari12,
	Author = {Ospina, R. and Ferrari, Silvia L.P.},
	Date-Added = {2015-11-12 16:37:45 +0000},
	Date-Modified = {2015-11-12 16:37:45 +0000},
	Journal = {Computational Statistics \& Data Analysis},
	Number = {6},
	Pages = {1609--1623},
	Publisher = {Elsevier},
	Title = {A general class of zero-or-one inflated beta regression models},
	Volume = {56},
	Year = {2012}}

@mastersthesis{poulin12,
	Author = {M. Poulin},
	Date-Added = {2015-11-12 16:37:45 +0000},
	Date-Modified = {2015-11-12 16:37:45 +0000},
	School = {Centre d'Etudes Actuarielles},
	Title = {Analyse des Solutions Actuarielles en Tarification des Trait\'es de R\'eassurance Non-propotionnelles Non-Vie},
	Year = {2012}}

@mastersthesis{saunier05,
	Author = {J. Saunier},
	Date-Added = {2015-11-12 16:37:45 +0000},
	Date-Modified = {2015-11-12 16:37:45 +0000},
	School = {ISFA, Universit\'e Claude Bernard Lyon 1},
	Title = {{D\'etermination des courbes d'exposition en fonction du capital assur\'e en branche incendie et risques annexes: Comparaison des distributions MBBEFD et Pareto}},
	Year = {2005}}

@book{nist10,
	Date-Added = {2015-04-29 16:36:31 +0000},
	Date-Modified = {2015-04-29 16:36:31 +0000},
	Editor = {F. W. J. Olver and D. W. Lozier and R. F. Boisvert and C. W. Clark},
	Publisher = {Cambridge University Press},
	Title = {{NIST Handbook of Mathematical Functions}},
	Url = {http://dlmf.nist.gov/},
	Year = {2010},
	Bdsk-Url-1 = {http://dlmf.nist.gov/}}

@book{kotzjohnsonbalak94v1,
	Author = {N. Johnson and S. Kotz and N. Balakrishnan},
	Date-Added = {2015-04-29 16:33:57 +0000},
	Date-Modified = {2015-04-29 16:33:57 +0000},
	Publisher = {Wiley Interscience},
	Title = {Continuous Univariate Distributions},
	Volume = {1},
	Year = {1994}}

@book{kotzjohnsonbalak94v2,
	Author = {N. Johnson and S. Kotz and N. Balakrishnan},
	Date-Added = {2015-04-29 16:33:57 +0000},
	Date-Modified = {2015-04-29 16:33:57 +0000},
	Publisher = {Wiley Interscience},
	Title = {Continuous Univariate Distributions},
	Volume = {2},
	Year = {1994}}

@techreport{antal03,
	Author = {P. Antal},
	Date-Added = {2015-04-29 16:32:35 +0000},
	Date-Modified = {2015-04-29 16:32:35 +0000},
	Institution = {Swiss Re},
	Title = {Quantitative Methods in Reinsurance},
	Year = {2003}}

@techreport{ExposureRating2004,
	Author = {Daniel Guggisberg},
	Institution = {Swiss Re},
	Title = {Exposure Rating},
	Url = {http://media.cgd.swissre.com/documents/pub_exposure_rating_en.pdf},
	Year = {2004},
	Bdsk-Url-1 = {http://media.cgd.swissre.com/documents/pub_exposure_rating_en.pdf}}

@article{bernegger97,
	Author = {S. Bernegger},
	Date-Added = {2015-04-29 16:06:24 +0000},
	Date-Modified = {2015-04-29 16:06:24 +0000},
	Journal = {ASTIN Bulletin},
	Number = {1},
	Pages = {99-111},
	Title = {{The Swiss Re Exposure Curves and the MBBEFD Distribution Class}},
	Url = {http://www.casact.net/library/astin/vol27no1/99.pdf},
	Volume = {27},
	Year = {1997},
	Bdsk-Url-1 = {http://www.casact.net/library/astin/vol27no1/99.pdf}}

@article{bernegger1997tile,
	Author = {BERNEGGER, STEFAN},
	Journal = {Astin Bulletin},
	Pages = {99},
	Title = {TIlE SWISS RE EXPOSURE CURVES AND THE MBBEFD DISTRIBUTION CLASS},
	Year = {1997}}

@book{mahler,
	Author = {Howard Mahler},
	Editor = {Howard Mahler},
	Title = {Mahler's Guide to Advanced Ratemaking},
	Year = {2014}}

@article{copulaR,
	Author = {{Jun Yan}},
	Journal = {Journal of Statistical Software},
	Number = {4},
	Pages = {1--21},
	Title = {Enjoy the Joy of Copulas: With a Package {copula}},
	Url = {http://www.jstatsoft.org/v21/i04/},
	Volume = {21},
	Year = {2007},
	Bdsk-Url-1 = {http://www.jstatsoft.org/v21/i04/}}

@manual{fitdistrplusR,
	Author = {Marie Laure Delignette-Muller and Regis Pouillot and Jean-Baptiste Denis and Christophe Dutang},
	Date-Modified = {2015-04-29 17:25:30 +0000},
	Note = {R package version 1.0-4},
	Title = {fitdistrplus: Help to Fit of a Parametric Distribution to Non-Censored or Censored Data.},
	Year = {2015}}

@manual{rSoftware,
	Address = {Vienna, Austria},
	Author = {{R Core Team}},
	Organization = {R Foundation for Statistical Computing},
	Title = {R: A Language and Environment for Statistical Computing},
	Url = {http://www.R-project.org/},
	Year = {2014},
	Bdsk-Url-1 = {http://www.R-project.org/}}

@article{salzmann1963,
	Author = {Ruth E. Salzmann},
	Journal = {PCAS},
	Pages = {15 - 26},
	Title = {Rating by Layer of Insurance},
	Url = {https://www.casact.org/pubs/proceed/proceed63/63015.pdf},
	Volume = {L},
	Year = {1963},
	Bdsk-Url-1 = {https://www.casact.org/pubs/proceed/proceed63/63015.pdf}}
