@article{wood.chan94,
  title={Simulation of stationary Gaussian processes in $[0, 1]^d$},
  author={Wood, Andrew TA and Chan, Grace},
  journal={Journal of Computational and Graphical Statistics},
  volume={3},
  number={4},
  pages={409--432},
  year={1994}
}

@book{brockwell.davis91,
  title={Time Series: Theory and Methods},
  author={Brockwell, Peter J and Davis, Richard A},
  address={Springer: New York},
  year={1991}
}

@article{ammar.gragg88,
  title={Superfast solution of real positive definite {Toeplitz} systems},
  author={Ammar, Gregory S and Gragg, William B},
  journal={SIAM Journal on Matrix Analysis and Applications},
  volume={9},
  number={1},
  pages={61--76},
  year={1988}
}

@article{frigo.johnson05,
  title={The design and implementation of {FFTW3}},
  author={Frigo, Matteo and Johnson, Steven G},
  journal={Proceedings of the IEEE},
  volume={93},
  number={2},
  pages={216--231},
  year={2005},
  publisher={IEEE}
}
