%
%tidsskrifter
%
@string{aism = "Annals of the Institute of Statistical Mathematics"}
@string{ajph = "Australian Journal of Physics"}
@string{amhamb="Abhandlungen Mathematisches Seminar Hamburg"}
@string{amstat="The American Statistician"}
@string{annmathai = "Annals of Mathematics and Artificial Intelligence"}
@string{annmathstat = "Annals of Mathematical Statistics"}
@string{annprob = "Annals of Probability"}
@string{annstat = "The Annals of Statistics"}
@string{appstat = "Applied Statistics"}
@string{ats = "Department of Theoretical Statistics, Aarhus University"}
@string{biomka = "Biometrika"}
@string{bioms = "Biometrics"}
@string{bisi="Bulletin of the  International Statistical Institute"}
@string{bzw = "Berichte zur Stochastik und verwandte Gebiete"}
@string{cjs = "The Canadian Journal of Statistics"}
@string{csda="Computational Statistics and Data Analysis"}
@string{csq="Computational Statistics Quarterly"}
@string{comstatsimcomp="Communications in Statistics --- Simulation and Computation"}
@string{dmath ="Discrete Mathematics"}
@string{econa ="Econometrica"}
@string{gen ="Genetics"}
@string{ieeeautcon= "IEEE Transactions on Automatic Control"}
@string{ijgsyst="International Journal of General Systems"}
@string{jacm="Journal of the Association of Computing Machinery"}
@string{jar ="Journal of Agricultural Research"}
@string{japscs = "Journal of the Japanese Society for Computational 
                  Statistics"}
@string{jasa = "Journal of the American Statistical Association"}
@string{japp = "Journal of Applied Probability"}
@string{jast = "Journal of Applied Statistics"}
@string{jctb = "Journal of Combinatorial Theory, Series~B"}
@string{jaumatha = "Journal of the Australian Mathematical Society, Series~A"}
@string{jmva = "Journal of Multivariate Analysis"}
@string{jmanap = "Journal of Mathematical Analysis and its Applications"}
@string{jrssa = "Journal of the Royal Statistical Society, Series~A"}
@string{jrssb = "Journal of the Royal Statistical Society, Series~B"}
@string{jstatphys="Journal of Statistical Physics"}
@string{mann = "Mathematische Annalen"}
@string{mathcomp = "Mathematics of Computation"}
@string{methka = "Methodika"}
@string{networks = "NETWORKS"}
@string{pnasusa = "Proceedings of the National Academy of Sciences of the {U}nited {S}tates of {A}merica"}
@string{philtransa="Philosophical Transactions of the  Royal Society, Series A"}
@string{or="Operations Research"}
@string{proctransa="Proceedings of the  Royal Society of London, Series A"}
@string{pcinf="Problems of Control and Information Theory"}
@string{ria="Revue d'Intelligence Artificielle"}
@string{rebrape="Revista Brasileira de Probabilidade e Estatistica"}
@string{sank = "Sankhy\={a}"}
@string{sanka = "Sankhy\={a}, Series~A"}
@string{scomp="Statistics and Computing"}
@string{siamjc="SIAM Journal of Computing"}
@string{siamrev="SIAM Review"}
@string{sjs = "Scandinavian Journal of Statistics"}
@string{spapp= "Stochastic Processes and their Applications"}
@string{statsci ="Statistical Science"}
@string{stacian ="The Statistician"}
@string{ugel = "Ugeskrift for L{\ae}ger"}
@string{tprappr = "Teoriya Veroyatnostei i ego Primeneniya"}
@string{tprapptr = "Theory of Probability and its Applications"}
@string{zfw = "Zeitschrift f{\"u}r Wahrscheinlichkeitstheorie und verwandte
        Gebiete"}
%
%Forlag
%
@string{adwes="Addison-Wesley"}
@string{ap = "Academic Press"}
@string{else = "Elsevier Science Publishers B.V. (North-Holland)"}
@string{houmiff = "Houghton Mifflin"} 
@string{kauf = "Morgan Kaufmann"}
@string{nholl = "North-Holland"}
@string{chaph="Chapman and Hall"}
%@string{oup="Clarendon Press"}
@string{oup="Oxford University Press"}
@string{phys ="Physica Verlag"}
@string{prenth = "Prentice Hall"}
@string{prince="Princeton University Press"}
@string{springer ="Springer-Verlag"}
@string{ucp = "University of Chicago Press"}
@string{uldm = "University of Lancaster, Department of Mathematics"}
@string{umainz = "University of Mainz"}
@string{yup="Yale University Press"}
@string{wiley = "John Wiley and Sons"}

%
%Institutioner
%

@string{amda ="Department of Mathematics and Computer Science, 
Aalborg University"}
@string{dms ="Department of Mathematical Sciences, 
Aalborg University"}
@string{iesd = "Institute for Electronic Systems, 
Aalborg University"}
@string{kuims = "Institute of Mathematical Statistics, University of Copenhagen"}
@string{ims = "Institute of Mathematical Statistics"}
@string{sfe = "Statistical Research Unit, 
University of Copenhagen"}

%organisationer

@string{aaai="American Association of Artificial Intelligence"}
@string{acm="Association of Computing Machinery"}
