@ARTICLE{cd:shd:05,
  author = {Claus Dethlefsen and Søren Højsgaard},
  title = {A Common Platform for Graphical Models in {R}: The g{R}base Package},
  journal = {Journal of Statistical Software},
  year = {2005},
  volume = {14},
  pages = {1-12},
  owner = {shd},
  pdf = {JSS-gRbase.pdf},
}


@Book{glymour:scheines:spirtes:kelley:87,
  author =	 {C. Glymour and R. Scheines and P. Spirtes and K. Kelley},
  title = 	 {Discovering Causal Structure},
  publisher = 	 ap,
  year = 	 1987
}

@TechReport{drton:perlman:04,
  author = 	 {Mathias Drton and {Michael D.} Perlman},
  title = 	 {A {SIN}ful Approach to {G}aussian Graphical Model Selection},
  institution =  {Department of Statistics, University of Washington},
  year = 	 2004,
  number =	 457
}

@Article{haireyecolor,
  author = 	 {{Ronald D.} Snee},
  title = 	 {Graphical display of two-way contingency tables},
  journal = 	 amstat,
  year = 	 1974,
  volume =	 28,
  pages =	 {9--12}
}

@Manual{badsberg:04,
    title = {dynamicGraph: dynamicGraph},
    author = {Jens Henrik Badsberg},
    year = {2005},
    note = {R package version 0.2.0.1},
    url = {http://www.agrsci.org},
  }


@Manual{marchetti:04,
    title = {ggm: Graphical Gaussian Models},
    author = {Giovanni M. Marchetti and Mathias Drton},
    year = {2005},
    note = {R package version 1.0},
  }

@Misc{thomas:94,
  author =	 {Andrew Thomas},
  title =	 {{BUGS}: a statistical modelling package},
  howpublished = {RTA/BCS Modular Languages Newsletter},
  year =	 1994
}




@Article{reinis:pokorny:bazika:tiserova:gorican:horakova:stuchlikova:havranek:hrabovsky:81progn,
  author = 	 {Z. Reinis and J. Pokorny and V. Bazika and
  J. Tiserova and K. Gorican and D. Horakova and E. Stuchlikova and
  T. Havranek and F. Hrabovsky},
  title = 	 {Prognostic value of the risk profile in the prevention of ischemic heart disease},
  journal = 	 {Bratisl Lek Listy},
  year = 	 1981,
  volume =	 76,
  number =	 2,
  pages =	 {137--150}
}

Reinis et al (1981): Prognostic significance of the risk profile
     in the prevention of coronary heart disease. Bratis. lek. Listy.
     76: 137-150.


@Article{klein:keiding:kreiner:95,
  author = 	 {{John P.} Klein and Niels Keiding and Svend Kreiner},
  title = 	 {Graphical models for panel studies, illustrated on
  data from the {F}ramingham heart study},
  journal = 	 {Statistics in Medicine},
  year = 	 1995,
  volume =	 14,
  pages =	 {1265--1290}
}

@Article{bottcher:dethlefsen:03,
  author = 	 {Susanne B{\o}ttcher and Claus Dethlefsen},
  title = 	 {deal: A Package for Learning {B}ayesian Networks},
  journal = 	 {Journal of Statistical Software},
  year = 	 2003,
  volume =	 8,
  number =	 20
}

@Article{badsberg:01,
  author = 	 {Jens Henrik Badsberg},
  title = 	 {A guide to {C}o{C}o},
  journal = 	 {Journal of statistical software},
  year = 	 2001,
  volume =	 6,
  number =	 4
}

@InProceedings{hojsgaard:03,
  author = 	 {Søren Højsgaard},
  title = 	 {mim{R} -- A Package for Graphical Modelling in {R}},
  booktitle =	 {Proceedings of the 3rd international workshop on distributed statistical computing},
  note =	 {ISSN 1609-395X},
  year =	 2003,
  editor =	 {K. Hornik and F. Leisch and A. Zeileis}
}



@Article{hojsgaard:04,
  author = 	 {Søren Højsgaard},
  title = 	 {The mim{R} Package for Graphical Modelling in {R}},
  journal = 	 {Journal of Statistical Software},
  year = 	 2004,
  volume =	 11,
  number =	 6
}

@Manual{R,
    title = {R: A language and environment for statistical computing},
    author = {{R Development Core Team}},
    organization = {R Foundation for Statistical Computing},
    address = {Vienna, Austria},
    year = {2005},
    note = {{ISBN} 3-900051-07-0},
    url = {http://www.R-project.org},
  }


@Article{lauritzen:02,
  author = 	 {Steffen L. Lauritzen},
  title = 	 {g{R}aphical models in {R}},
  journal = 	 {R News},
  year = 	 2002,
  volume =	 2,
  number =	 2,
  pages =	 39
}

@Book{lauritzen:96,
  author =	 {Steffen L. Lauritzen},
  title = 	 {Graphical Models},
  publisher = 	 oup,
  year = 	 1996
}

@book{edwards:00,
  author =	 {David Edwards},
  title = 	 {Introduction to Graphical Modelling},
  publisher = 	 springer,
  edition = 	 {2nd},
  year = 	 2000
}

