@article{brennan2004modelling,
  title={Modelling the cost-effectiveness of etanercept in adults with rheumatoid arthritis in the UK},
  author={Brennan, A and Bansback, N and Reynolds, A and Conway, P},
  journal={Rheumatology},
  volume={43},
  number={1},
  pages={62--72},
  year={2004},
  publisher={Br Soc Rheumatology}
}

@article{baio2016excel,
  title={When simple becomes complicated: why Excel should lose its place at the top of the table},
  author={Baio, G and Heath, Anna},
  journal={Global & Regional Health Technology Assessment},
  volume={4},
  number={1},
  pages={e3--e6},
  year={2016},
  publisher={Wichtig Publishing}
}

@article{barton2008optimal,
  title={Optimal cost-effectiveness decisions: the role of the cost-effectiveness acceptability curve (CEAC), the cost-effectiveness acceptability frontier (CEAF), and the expected value of perfection information (EVPI)},
  author={Barton, Garry R and Briggs, Andrew H and Fenwick, Elisabeth AL},
  journal={Value in Health},
  volume={11},
  number={5},
  pages={886--897},
  year={2008},
  publisher={Wiley Online Library}
}

@article{basu2007value,
  title={Value of information on preference heterogeneity and individualized care},
  author={Basu, Anirban and Meltzer, David},
  journal={Medical Decision Making},
  volume={27},
  number={2},
  pages={112--127},
  year={2007},
  publisher={Sage Publications}
}

@book{baio2012bayesian,
  title={Bayesian methods in health economics},
  author={Baio, Gianluca},
  year={2012},
  publisher={CRC Press}
}

@article{baio2015probabilistic,
  title={Probabilistic sensitivity analysis in health economics},
  author={Baio, Gianluca and Dawid, A Philip},
  journal={Statistical methods in medical research},
  volume={24},
  number={6},
  pages={615--634},
  year={2015},
  publisher={SAGE Publications Sage UK: London, England}
}

@article{espinoza2014value,
  title={The value of heterogeneity for cost-effectiveness subgroup analysis: conceptual framework and application},
  author={Espinoza, Manuel A and Manca, Andrea and Claxton, Karl and Sculpher, Mark J},
  journal={Medical Decision Making},
  volume={34},
  number={8},
  pages={951--964},
  year={2014},
  publisher={Sage Publications Sage CA: Los Angeles, CA}
}