% Encoding: UTF-8
@article{bigstatsr,
  title = {Efficient analysis of large-scale genome-wide data with two {R} packages: bigstatsr and bigsnpr},
  author = {Florian Priv{\'e} and Hugues Aschard and Andrey Ziyatdinov and Michael G.B. Blum},
  journal = {Bioinformatics},
  year = {2018},
  volume = {34},
  number = {16},
  pages = {2781--2787},
  publisher = {Oxford University Press},
  doi = {10.1093/bioinformatics/bty185},
  url = {https://doi.org/10.1093/bioinformatics/bty185},
}

@article{wang2019scalable,
  title={Scalable kernel K-means clustering with Nystr{\"o}m approximation: relative-error bounds},
  author={Wang, Shusen and Gittens, Alex and Mahoney, Michael W},
  journal={The Journal of Machine Learning Research},
  volume={20},
  number={1},
  pages={431--479},
  year={2019},
  publisher={JMLR. org}
}

@inproceedings{DBLP:journals/corr/KerivenTTG16,
  title={Compressive K-means},
  author={Keriven, Nicolas and Tremblay, Nicolas and Traonmilin, Yann and Gribonval, R{\'e}mi},
  booktitle={2017 IEEE International Conference on Acoustics, Speech and Signal Processing (ICASSP)},
  pages={6369--6373},
  year={2017},
  organization={IEEE}
}
@article{DBLP:journals/corr/KerivenBGP16  ,
  title={Sketching for large-scale learning of mixture models},
  author={Keriven, Nicolas and Bourrier, Anthony and Gribonval, R{\'e}mi and P{\'e}rez, Patrick},
  journal={Information and Inference: A Journal of the IMA},
  volume={7},
  number={3},
  pages={447--508},
  year={2018},
  publisher={Oxford University Press}
}
@article{tsou2015dia,
  title={DIA-Umpire: comprehensive computational framework for data-independent acquisition proteomics},
  author={Tsou, Chih-Chiang and Avtonomov, Dmitry and Larsen, Brett and Tucholska, Monika and Choi, Hyungwon and Gingras, Anne-Claude and Nesvizhskii, Alexey I},
  journal={Nature methods},
  volume={12},
  number={3},
  pages={258},
  year={2015},
  publisher={Nature Publishing Group}
}
@article{henning2018peptide,
  title={A Peptide-Level Fully Annotated Data Set for Quantitative Evaluation of Precursor-Aware Mass Spectrometry Data Processing Algorithms},
  author={Henning, Jessica and Tostengard, Annika and Smith, Rob},
  journal={Journal of proteome research},
  volume={18},
  number={1},
  pages={392--398},
  year={2018},
  publisher={ACS Publications},
}