@article{altman1983measurement,
  title={Measurement in medicine: the analysis of method comparison studies},
  author={Altman, Douglas G and Bland, J Martin},
  journal={Journal of the Royal Statistical Society: Series D (The Statistician)},
  volume={32},
  number={3},
  pages={307--317},
  year={1983},
  publisher={Wiley Online Library}
}

@article{bland1986statistical,
  title={Statistical methods for assessing agreement between two methods of clinical measurement},
  author={Bland, J Martin and Altman, DouglasG},
  journal={The lancet},
  volume={327},
  number={8476},
  pages={307--310},
  year={1986},
  publisher={Elsevier}
}

@article{hocking1976biometrics,
  title={A Biometrics invited paper. The analysis and selection of variables in linear regression},
  author={Hocking, Ronald R},
  journal={Biometrics},
  volume={32},
  number={1},
  pages={1--49},
  year={1976},
  publisher={JSTOR}
}
