@book{aalen2008springer,
  title =        {Survival and Event History Analysis: {A} Process Point of
                  View},
  author =       {Aalen, Odd and Borgan, Ornulf and Gjessing, Hakon},
  year =         2008,
  publisher =    {Springer Science \& Business Media},
}

@article{andersen1982aos,
  title =        {{C}ox's Regression Model for Counting Processes: {A} Large
                  Sample Study},
  author =       {Andersen, Per Kragh and Gill, Richard David},
  journal =      {The annals of statistics},
  pages =        {1100--1120},
  volume =       10,
  number =       4,
  year =         1982,
  publisher =    {JSTOR},
}

@book{cinlar1975printice,
  title =        {Introduction to Stochastic Processes},
  author =       {{\c{C}}{\i}nlar, Erhan},
  year =         1975,
  publisher =    {Printice-Hall},
  address =      {Englewood Cliffs, NJ},
}

@article{cook1996biometrics,
  author =       {Cook, Richard J and Lawless, Jerald F and Nadeau, Claude},
  title =        {Robust Tests for Treatment Comparisons Based on Recurrent
                  Event Responses},
  journal =      {Biometrics},
  number =       2,
  pages =        {557--571},
  publisher =    {Wiley, International Biometric Society},
  volume =       52,
  year =         1996,
}

@book{cookLawless2007springer,
  title =        {The Statistical Analysis of Recurrent Events},
  author =       {Cook, Richard J and Lawless, Jerald},
  year =         2007,
  publisher =    {Springer Science \& Business Media},
}

@article{cox1972jrssb,
  title =        {Regression Models and Life-Tables},
  author =       {Cox, David R},
  journal =      {Journal of the Royal Statistical Society. Series B
                  (Methodological)},
  volume =       34,
  number =       2,
  pages =        {187--220},
  year =         1972,
  publisher =    {JSTOR},
}

@article{crowley1977jasa,
  title =        {Covariance Analysis of Heart Transplant Survival Data},
  author =       {Crowley, John and Hu, Marie},
  journal =      {Journal of the American Statistical Association},
  volume =       72,
  number =       357,
  pages =        {27--36},
  year =         1977,
  publisher =    {Taylor \& Francis Group}
}

@article{efron1979aos,
  author =       {Efron, B},
  journal =      {The Annals of Statistics},
  month =        01,
  number =       1,
  pages =        {1--26},
  publisher =    {The Institute of Mathematical Statistics},
  title =        {{B}ootstrap Methods: {A}nother Look at the {J}ackknife},
  volume =       7,
  year =         1979,
}

@article{fu2014jbs,
  author =       {Haoda Fu and Junxiang Luo and Yongming Qu},
  title =        {Hypoglycemic Events Analysis via Recurrent Time-To-Event
                  ({HEART}) Models},
  journal =      {Journal of Biopharmaceutical Statistics},
  volume =       26,
  number =       2,
  pages =        {280--298},
  year =         2016,
}

@book{kalbfleisch2002wiley,
  title =        {The Statistical Analysis of Failure Time Data},
  author =       {Kalbfleisch, John D and Prentice, Ross L},
  volume =       360,
  year =         2002,
  publisher =    {John Wiley \& Sons},
}

@book{kleinbaum2011springer,
  title =        {Survival Analysis: {A} self-Learning Text},
  author =       {Kleinbaum, D G and Klein, M},
  publisher =    {Springer},
  address =      {New York},
  year =         2011,
}

@article{lawless1995technometrics,
  title =        {Some Simple Robust Methods for The Analysis of Recurrent
                  Events},
  author =       {Lawless, Jerald F and Nadeau, Claude},
  journal =      {Technometrics},
  volume =       37,
  number =       2,
  pages =        {158--168},
  year =         1995,
  publisher =    {Taylor \& Francis}
}

@article{lewis1979nrlq,
  title =        {Simulation of Nonhomogeneous {P}oisson Processes by Thinning},
  author =       {Lewis, P A and Shedler, G S},
  journal =      {Naval Research Logistics Quarterly},
  volume =       26,
  number =       3,
  pages =        {403--413},
  year =         1979,
  publisher =    {Wiley Online Library}
}

@article{nelson1995technometrics,
  title =        {Confidence Limits for Recurrence Data-Applied to Cost or
                  Number of Product Repairs},
  author =       {Nelson, Wayne B},
  journal =      {Technometrics},
  volume =       37,
  number =       2,
  pages =        {147--157},
  year =         1995,
  publisher =    {Taylor \& Francis}
}

@book{nelson2003siam,
  title =        {Recurrent Events Data Analysis for Product Repairs, Disease
                  Recurrences, and Other Applications},
  author =       {Nelson, Wayne B},
  volume =       10,
  year =         2003,
  publisher =    {SIAM}
}
