@book{hipel1994time,
  title={Time series modelling of water resources and environmental systems},
  author={Hipel, Keith W and McLeod, A Ian},
  volume={45},
  year={1994},
  publisher={Elsevier}
}

@article{cobb1978problem,
  title={The problem of the Nile: conditional solution to a changepoint problem},
  author={Cobb, George W},
  journal={Biometrika},
  pages={243--251},
  year={1978},
  publisher={JSTOR}
}
