@inproceedings{benkeser2016hal,
  doi = {10.1109/dsaa.2016.93},
  url = {https://doi.org/10.1109/dsaa.2016.93},
  year  = {2016},
  publisher = {{IEEE}},
  author = {Benkeser, David and {van der Laan}, Mark J},
  title = {The Highly Adaptive Lasso Estimator},
  booktitle = {2016 {IEEE} International Conference on Data Science and Advanced
    Analytics ({DSAA})}
}

@article{vdl2017generally,
  doi = {10.1515/ijb-2015-0097},
  url = {https://doi.org/10.1515/ijb-2015-0097},
  title = {A Generally Efficient Targeted Minimum Loss Based Estimator based on
    the {Highly Adaptive Lasso}},
  author = {{van der Laan}, Mark J},
  journal = {The International Journal of Biostatistics},
  year = {2017},
  publisher = {De Gruyter}
}

@article{vdl2017finite,
  title = {Finite sample inference for {Targeted Learning}},
  author = {{van der Laan}, Mark J},
  journal = {ArXiv e-prints},
  archivePrefix = "arXiv",
  eprint = {1708.09502},
  primaryClass = "math.ST",
  keywords = {Mathematics - Statistics Theory},
  year = {2017}
}

@article{bibaut2019fast,
  author = {Bibaut, Aur{\'e}lien F and {van der Laan}, Mark J},
  journal = {arXiv preprint arXiv:1907.09244},
  title = {Fast rates for empirical risk minimization over
    c\`{a}dl\`{a}g functions with bounded sectional variation norm},
  year = {2019}
}

@article{vdl2019efficient,
  Author = {{van der Laan}, Mark J and Benkeser, David and Cai, Weixin},
  Journal = {arXiv preprint arXiv:1908.05607},
  Title = {Efficient estimation of pathwise differentiable target parameters
    with the undersmoothed highly adaptive lasso},
  Year = {2019}
}

@article{vdl2017uniform,
  Author = {{van der Laan}, Mark J and Bibaut, Aur{\'e}lien F},
  Journal = {arXiv preprint arXiv:1709.06256},
  Title = {Uniform Consistency of the Highly Adaptive Lasso Estimator of
    Infinite-Dimensional Parameters},
  Year = {2017}
}

@article{ertefaie2020nonparametric,
  doi = {},
  url = {http://arxiv.org/abs/2005.11303},
  year = {2020},
  publisher = {},
  journal = {},
  volume = {},
  number = {},
  pages = {},
  author = {Ertefaie, Ashkan and Hejazi, Nima S and {van der Laan}, Mark J},
  title = {Nonparametric inverse probability weighted estimators based on the
    highly adaptive lasso}
}
