
@book{posthuma_species_2001,
	title = {Species sensitivity distributions in ecotoxicology},
	publisher = {CRC press},
	author = {Posthuma, Leo and Suter II, Glenn W and Traas, Theo P},
	year = {2001},
	url = {https://www.routledge.com/Species-Sensitivity-Distributions-in-Ecotoxicology/Posthuma-II-Traas/p/book/9781566705783}
}

@Article{fitdistrplus,
    title = {{fitdistrplus}: An {R} Package for Fitting Distributions},
    author = {Marie Laure Delignette-Muller and Christophe Dutang},
    journal = {Journal of Statistical Software},
    year = {2015},
    volume = {64},
    number = {4},
    pages = {1--34},
    url = {http://www.jstatsoft.org/v64/i04/}
  }

  @Book{ggplot2,
    author = {Hadley Wickham},
    title = {{ggplot2}: Elegant Graphics for Data Analysis},
    publisher = {Springer-Verlag New York},
    year = {2016},
    isbn = {978-3-319-24277-4},
    url = {https://ggplot2.tidyverse.org}
  }

 @Manual{r,
    title = {R: A Language and Environment for Statistical Computing},
    author = {{R Core Team}},
    organization = {R Foundation for Statistical Computing},
    address = {Vienna, Austria},
    year = {2018},
    url = {https://www.R-project.org/}
  }

@book{burnham_model_2002,
	address = {New York, NY},
	title = {Model {Selection} and {Multimodel} {Inference}},
	isbn = {978-0-387-95364-9},
	url = {https://link.springer.com/10.1007/b97636},
	language = {en},
	urldate = {2018-11-23},
	publisher = {Springer New York},
	editor = {Burnham, Kenneth P. and Anderson, David R.},
	year = {2002},
	doi = {10.1007/b97636}
}

@techreport{schwarz_improving_2019,
	address = {Victoria, BC},
	title = {Improving {Statistical} {Methods} for {Modeling} {Species} {Sensitivity} {Distributions}},
	number = {WSS2019-07},
	institution = {Province of British Columbia},
	author = {Schwarz, Carl and Tillmanns, Angeline},
	month = jul,
	year = {2019},
	file = {Schwarz and Tillmanns - 2019 - Improving Statistical Methods for Modeling Species.pdf:/Users/joe/Zotero/storage/M9Z9M872/Schwarz and Tillmanns - 2019 - Improving Statistical Methods for Modeling Species.pdf:application/pdf}
}

@book{wickham_r_2016,
	address = {Sebastopol, CA},
	edition = {First edition},
	title = {R for data science: import, tidy, transform, visualize, and model data},
	isbn = {978-1-4919-1039-9 978-1-4919-1036-8},
	shorttitle = {R for data science},
	url = {https://r4ds.had.co.nz},
	abstract = {"This book introduces you to R, RStudio, and the tidyverse, a collection of R packages designed to work together to make data science fast, fluent, and fun. Suitable for readers with no previous programming experience"--},
	publisher = {O'Reilly},
	author = {Wickham, Hadley and Grolemund, Garrett},
	year = {2016},
	note = {OCLC: ocn968213225},
	keywords = {Big data, Computer programs, Data mining, Databases, Electronic data processing, Information visualization, R (Computer program language), Statistics}
}
